2053 2485
926 132 955 173 9

109 258 223 300 candi
259 255 445 304 facultas,
484 256 523 294 in
561 267 634 307 qua
672 268 748 295 una
778 258 927 307 ingenii
954 259 1017 297 vis
1046 256 1217 297 maxime
1247 257 1441 307 cernitur,
1472 257 1512 296 iu
1542 255 1620 296 illis
1645 255 1786 297 admo-

109 313 198 376 dum
234 335 380 383 exigua
411 336 484 371 est.
554 330 663 371 Haec
703 344 917 384 progressu
948 335 1087 373 aetatis
1118 334 1264 372 sensim
1304 333 1445 382 elucet,
1476 337 1594 385 atque
1624 333 1784 373 assidua

109 410 391 451 exercitatione
420 408 531 448 tarde
560 408 741 460 lenteque
772 408 896 450 alitur.

279 472 414 525 Facile
442 486 560 534 igitur
589 490 769 536 apparet,
799 496 878 524 non
907 496 1027 536 posse
1053 484 1281 536 quemquam
1311 486 1360 524 iis
1391 485 1651 534 arg-umentis,
1683 497 1782 537 quae

108 576 130 601 a
161 560 352 601 Cicerone
382 561 585 612 proposita
615 565 721 610 sunt,
753 572 801 600 eo
832 560 994 610 adduci,
1024 565 1065 599 ut
1094 562 1260 600 animum
1290 561 1496 600 humanum
1525 549 1780 601 immortalem

107 647 198 675 esse
229 635 396 673 credat(
417 634 523 673 Idem
555 633 694 673 Cicero
722 640 867 673 tantum
897 631 1030 685 abhiit,
1060 641 1101 674 ut
1129 638 1170 675 in
1198 636 1274 675 illis
1306 637 1544 685 argumentis
1570 638 1657 687 ipse
1682 649 1780 688 per-

106 713 284 760 sisteret,
322 715 363 749 ut
398 711 438 749 in
478 710 617 749 eodem
652 710 775 760 libro,
813 723 925 762 quem
955 711 1003 750 de
1038 715 1238 751 senectute
1268 712 1523 762 conscripsit,
1564 713 1778 753 animorum

103 786 428 826 immortalitatem
456 795 617 838 prorsus
648 788 688 825 in
719 786 872 825 dubium
902 793 1076 827 vocaret.
1140 787 1197 827 Ita
1228 789 1447 847 enichap.
1475 787 1576 827 XIX.
1607 788 1778 840 alloqui-

102 870 163 904 tur
193 876 341 914 senem,
373 865 436 916 qui
464 869 621 916 praeter
650 864 805 904 modum
833 869 996 904 mortem
1025 864 1178 917 metuit:
1237 862 1297 913 „0
1328 865 1511 903 miserum
1543 876 1691 915 senem,
1712 868 1777 918 qui

102 945 264 980 mortem
303 941 625 980 contemnendam
663 953 753 980 esse
783 943 824 980 in
853 946 930 979 tam
959 941 1079 991 longa
1111 946 1239 980 aetate
1269 953 1348 980 non
1364 941 1541 993 viderit!
1582 953 1682 993 quae
1712 948 1778 981 aut

81 1010 216 1069 'plane
247 1017 483 1068 negligenda
515 1023 595 1067 est,
632 1019 666 1057 si
697 1019 853 1057 omnino
885 1018 1114 1072 exstinguit·
1129 1018 1316 1066 animum;
1348 1022 1414 1057 aut
1444 1019 1560 1057 etiam
1591 1019 1775 1070 optanda,

104 1095 137 1133 si
169 1093 300 1146 aliquo
330 1105 415 1133 eum
447 1093 615 1142 deducit,
645 1092 711 1131 ubi
743 1094 793 1132 sit
821 1092 970 1134 futurus
1002 1099 1194 1134 aeternus.
1253 1093 1372 1145 Atqui
1401 1095 1554 1133 tertium
1585 1100 1692 1134 certe
1708 1097 1776 1135 ni-

103 1169 157 1208 hil
186 1171 354 1208 inveniri
383 1167 553 1220 potest.“
603 1169 652 1207 Et
682 1152 885 1220 postquam
916 1171 957 1207 in
985 1169 1061 1208 fine
1091 1169 1204 1209 huius
1233 1170 1322 1208 libri
1353 1171 1452 1209 duce
1480 1171 1641 1210 Platone
1673 1173 1775 1212 doc-

102 1247 240 1286 trinam
280 1246 328 1286 de
359 1247 573 1286 animorum
602 1245 888 1285 immortalitate
919 1246 1121 1297 exposuit,
1162 1258 1210 1285 ac
1239 1245 1399 1285 mirifice
1430 1258 1478 1286 eo
1510 1259 1555 1287 se
1586 1247 1772 1292 delectari

101 1320 305 1373 professus
344 1327 424 1371 est,
462 1322 565 1373 quod
603 1323 781 1374 corporis
816 1320 984 1361 vinculis
1025 1321 1232 1374 aliquando
1262 1322 1449 1380 liberatus
1480 1335 1532 1362 ex
1560 1323 1634 1363 hac
1662 1325 1772 1365 turba

102 1404 140 1436 et
170 1398 391 1437 colluvione
423 1398 612 1448 discedat,
645 1405 759 1451 atque
790 1398 839 1437 ad
869 1398 963 1438 illud
993 1397 1166 1438 divinum
1198 1400 1412 1437 animorum
1443 1400 1651 1439 concilium
1677 1413 1778 1441 coe-

100 1480 254 1530 tumque
283 1473 565 1530 proficiscatur,
597 1474 724 1515 denuo
754 1473 853 1514 haec
881 1474 1005 1514 verba
1036 1474 1287 1526 dubitationis
1317 1475 1432 1527 plena
1464 1476 1570 1516 addit
1580 1466 1594 1515 τ’
1634 1477 1777 1527 „Quod

103 1553 136 1592 si
165 1553 205 1591 in
234 1551 311 1592 hoc
342 1563 446 1602 erro,
478 1552 581 1604 quod
611 1554 761 1593 animos
790 1552 987 1592 hominum
1017 1551 1255 1591 immortales
1287 1563 1378 1592 esse
1402 1552 1571 1602 credam,
1601 1553 1779 1594 lubenter

103 1642 213 1679 erro;
250 1642 325 1670 nec
350 1612 444 1669 mihi
473 1629 574 1669 hunc
606 1643 798 1680 errorem,
830 1642 905 1681 quo
938 1628 1124 1678 delector,
1155 1629 1244 1668 dum
1272 1630 1381 1679 vivo,
1412 1624 1635 1681 extorqueri
1663 1631 1775 1671 volo:
1828 1658 1832 1660 ἡ

103 1707 163 1746 sin
193 1711 385 1756 mortuus,
424 1711 465 1746 ut
504 1705 659 1758 quidam
695 1691 827 1745 minuti
866 1704 1087 1758 philosophi
1128 1711 1308 1756 censent,
1344 1705 1440 1745 nihil
1470 1708 1654 1757 sentiam,
1695 1720 1775 1748 non

99 1794 261 1832 vereor,
300 1794 351 1822 ne
390 1782 491 1821 huuc
529 1794 701 1821 errorem
739 1794 865 1821 meum
902 1783 1043 1821 mortui
1079 1782 1302 1835 philosophi
1337 1783 1535 1822 irrideant.
1595 1783 1708 1831 Quod
1739 1786 1774 1825 si

100 1872 178 1899 non
208 1871 340 1900 sumus
371 1859 611 1900 immortales
635 1858 765 1909 futuri,
790 1865 919 1899 tamen
934 1860 1133 1909 exstingui
1154 1858 1301 1898 homini
1324 1871 1394 1899 suo
1411 1859 1585 1911 tempore
1601 1860 1773 1912 optabile

101 1943 172 1978 est.
231 1936 330 1978 Nam
359 1935 476 1977 hahet
497 1941 655 1988 natura,
691 1941 731 1976 ut
761 1936 922 1976 aliarum
952 1936 1120 1975 omnium
1149 1947 1298 1987 rerum,
1330 1937 1388 1976 sic
1416 1935 1574 1976 vivendi
1605 1937 1772 1977 modum.

101 2013 292 2054 Senectus
322 2019 450 2053 autem
480 2015 620 2053 aetatis
652 2019 711 2053 est
740 2015 930 2065 peractio,
952 2000 1147 2065 tamquam
1162 2012 1338 2053 fabulae:
1370 2015 1479 2073 cuius
1510 2013 1771 2065 defatigati&

100 2102 189 2130 uem
218 2090 358 2142 fugere
389 2089 597 2140 dehemus,
632 2090 863 2143 praesertim
892 2090 1074 2131 adiuncta
1105 2091 1296 2132 satietate.
1329 2088 1423 2143 Cap.
1454 2090 1588 2131 XXIII.
1617 2091 1773 2142 „Prae-

100 2171 274 2219 terquam
310 2165 449 2207 Cicero
484 2166 608 2206 Acad.
638 2166 667 2207 Ι.
700 2165 764 2205 12.
794 2168 965 2216 ingenue
994 2172 1178 2217 testatur,
1214 2167 1386 2208 Platonis
1416 2168 1664 2221 philosophia
1696 2169 1773 2210 du-
