2053 2485
1123 121 1152 163 8

292 254 367 294 qua
409 244 520 294 pueri
558 242 863 284 innumerabiles
900 256 968 284 res
1005 248 1244 300 percipiant,
1282 254 1420 289 auctor
1457 255 1594 290 noster
1623 256 1852 301 argumento
1883 264 1975 294 esse

288 320 390 369 vult,
428 319 553 360 fuisse
582 319 671 360 illos
701 322 780 360 iam
811 326 923 371 ante,
964 334 1080 374 quam
1111 327 1192 365 nati
1223 327 1311 366 sint.
1369 325 1466 366 Inde
1495 327 1609 367 simul
1638 327 1809 378 colligit,
1839 340 1974 369 eorum

290 399 441 437 animos
475 400 600 436 morte
634 408 714 436 non
739 398 973 438 exstinctum
1003 400 1066 441 iri.
1124 401 1210 442 Hoc
1236 408 1473 456 postremum
1503 403 1659 456 quidem
1688 406 1762 446 etsi
1791 406 1878 458 ipse
1908 405 1974 446 di·-

289 475 404 513 sertis
435 473 571 513 verbis
601 485 681 513 non
707 476 994 526 pronunciavit,
1024 482 1154 518 tamen
1184 479 1304 520 facile
1333 480 1544 531 intelliges,
1573 483 1627 520 ita
1653 480 1703 521 ab
1724 493 1774 521 eo
1791 482 1972 532 iudicari,

288 553 323 591 si
353 550 554 590 Platonem
584 552 827 602 respexeris,
858 564 880 591 a
912 564 988 604 quo
1018 553 1112 594 illud
1141 562 1411 607 argumentum
1441 562 1634 597 mutuatus
1664 563 1736 597 est.
1793 558 1847 598 lta
1867 560 1970 598 enim

286 627 396 666 Plato
437 629 476 665 in
515 626 727 666 Phaedone
765 626 950 667 Cebetem
985 628 1209 681 loquentem
1248 633 1362 672 facit:
1427 631 1511 672 Καὶ
1548 629 1646 684 μήν,
1676 633 1756 685 ἔφη
1785 632 1808 673 ὅ
1836 633 1971 685 Κέβης

256 734 258 737 ,
285 698 527 753 ὑπολαβών,
574 699 644 741 καὶ
687 700 776 740 κατ’
791 725 795 728 -
813 699 972 743 ἐκεῖνόν
1007 718 1056 759 γε
1091 704 1167 747 τὸν
1197 704 1356 763 λόγον,
1393 704 1428 748 ὦ
1465 705 1704 761 Σώκρατες,
1736 710 1772 748 εἰ
1810 706 1970 761 ἀληθής

285 781 408 825 ἐστιν,
449 779 499 819 ὃν
535 777 588 818 σύ
624 779 779 824 εἴωθας
814 778 938 832 θαμὰ
974 780 1118 836 λέγειν,
1149 782 1213 823 ὅτι
1242 782 1344 837 ἡμῖν
1372 783 1400 835 ἧ
1428 781 1612 837 μάθησις
1641 783 1847 825 odadun
1873 800 1915 825 τι
1940 783 1969 836 ἢ

284 854 515 909 ἀνάμνησις
550 853 747 912 τυγχάνει
786 852 920 903 occa,
935 856 1005 898 καὶ
1033 857 1141 900 κατὰ
1173 863 1324 902 τοῦτον
1352 858 1514 917 ἀνάγκη
1543 877 1624 902 που
1652 860 1763 915 ἡμᾶς
1791 861 1836 902 ἐν
1863 876 1966 914 προ-

281 933 386 986 τέρῳ
422 932 506 973 τινὶ
529 930 671 986 χρόνῳ
693 933 994 986 μεμαθηκέναι,
1024 935 1053 975 ἃ
1082 940 1177 977 νῦν
1193 935 1610 991 ἀναμιμνησκόμεθα·
1641 942 1766 978 τοῦτο
1795 936 1842 979 δὲ
1859 936 1966 979 ἀδύ-

280 1025 423 1056 νατον,
461 1012 496 1049 εἰ
523 1007 582 1062 μὴ
610 1006 663 1060 ἦν
692 1024 774 1050 που
802 1009 925 1063 ἡμῶν
953 1009 980 1062 ἦ
1008 1013 1125 1066 ψυχὴ
1153 1014 1253 1067 πρὶν
1281 1016 1327 1056 ὲν
1354 1014 1462 1069 τῷδε
1490 1019 1550 1069 τῷ
1579 1013 1838 1069 ἀνθρωπίνῳ
1867 1014 1965 1057 εἴδει

279 1086 479 1143 γενέσθω·
511 1085 610 1132 «ficte
645 1085 715 1127 καὶ
751 1084 881 1139 ταύτῃ
921 1086 1144 1130 ἀθάνατόν
1181 1105 1222 1130 τι
1251 1091 1380 1132 ἔοικεν
1407 1089 1435 1142 ἦ
1469 1088 1584 1144 ψυχὴ
1613 1089 1729 1131 εἶναι.
1788 1091 1962 1133 Platonis

278 1167 466 1206 Phaedon
495 1163 528 1213 ξ.
560 1164 629 1204 72.
659 1177 713 1204 ex
741 1168 976 1206 recensione
1006 1168 1112 1209 Imm.
1143 1168 1324 1208 Bekkeri.

450 1242 536 1283 Hoc
566 1248 810 1293 argumento,
841 1243 946 1296 quod
969 1243 1108 1285 Cicero
1138 1243 1272 1285 ultimo
1301 1244 1392 1285 loco
1414 1245 1559 1297 posuit,
1588 1243 1685 1284 nibil
1713 1243 1960 1297 afferri‚lquo

279 1323 494 1361 animorum
532 1320 802 1361 immortalitas
841 1320 1046 1373 probetur,
1091 1321 1210 1362 facile
1250 1326 1311 1361 est
1346 1321 1395 1360 ad
1432 1320 1738 1371 intelligendum.
1801 1320 1960 1372 Negare

279 1398 434 1450 quidem
461 1397 566 1436 nullo
596 1402 713 1449 pacto
744 1409 967 1449 possumus,
996 1398 1182 1451 parvulos
1208 1410 1353 1450 pueros
1384 1411 1431 1438 ea
1463 1398 1649 1439 facultate
1668 1399 1869 1451 praeditos
1892 1400 1960 1440 in-

279 1476 425 1526 veniri,
456 1479 498 1515 ut
527 1474 836 1515 innumerabiles
863 1485 1012 1527 easque
1034 1473 1283 1515 difficillimas
1301 1486 1368 1516 res
1387 1474 1606 1516 admirabili
1625 1474 1792 1527 quadam
1812 1475 1961 1517 celeri-

273 1557 354 1592 tate
392 1550 712 1604 complectantur.
780 1551 971 1603 Imprimis
1007 1552 1140 1591 mirari
1180 1550 1305 1602 subit,
1342 1557 1385 1592 ut
1410 1551 1489 1592 boc
1522 1564 1601 1593 uno
1639 1557 1741 1604 utar,
1774 1552 1864 1594 illos
1891 1554 1960 1594 vel

274 1631 483 1684 paullulum
511 1636 643 1670 aetate
672 1627 912 1682 progressos
942 1631 1069 1682 patrio
1101 1641 1283 1671 sermone
1312 1631 1367 1670 ita
1395 1630 1451 1670 uti
1475 1641 1618 1682 posse,
1629 1634 1672 1671 ut
1697 1630 1817 1671 animi
1837 1641 1956 1673 sensa

274 1707 382 1748 clare
423 1719 470 1746 ac
511 1706 692 1747 distincte
727 1705 978 1759 patefaciant.
1049 1705 1129 1748 Sed
1165 1707 1263 1747 eius,
1288 1708 1367 1747 rei.
1387 1709 1571 1757 causam,
1608 1718 1688 1748 non
1725 1711 1824 1757 est,
1851 1705 1956 1760 qnod

271 1785 392 1835 longe
428 1789 662 1836 repetamus.
728 1783 923 1836 Quidquid
952 1783 1129 1836 parvulis
1158 1795 1233 1824 usu
1259 1785 1383 1834 venit,
1421 1795 1566 1824 novum
1595 1782 1690 1824 illud
1719 1787 1758 1822 et
1785 1783 1956 1825 inusita-

270 1868 349 1902 tum
380 1864 439 1902 eis
466 1867 541 1911 est,
571 1866 610 1900 et
632 1860 682 1900 ob
713 1874 798 1901 eam
828 1874 913 1901 rem
941 1862 994 1901 ita
1025 1865 1306 1913 comparatum,
1335 1864 1378 1900 ut
1406 1858 1677 1910 cognoscendi
1705 1858 1956 1912 cupiditatem

270 1941 309 1980 in
347 1938 426 1979 illis
465 1938 722 1980 vehementer
761 1937 970 1989 accendat,
1012 1950 1225 1992 eorumque
1261 1937 1401 1979 animis
1438 1941 1645 1990 tantopere
1682 1934 1878 1987 affigatur,
1914 1940 1955 1975 ut

271 2018 458 2058 excidere
486 2019 558 2057 vix
587 2018 724 2070 possit.
780 2015 841 2056 Eo
872 2016 913 2055 id
943 2028 1097 2068 qnoque
1126 2014 1304 2065 accedit,
1341 2014 1446 2066 quod
1466 2013 1628 2066 parvuli.
1650 2012 1736 2055 sola
1763 2013 1966 2062 momoria·

270 2095 473 2146 plurimum
511 2093 665 2144 valent,
706 2095 870 2146 eiusque
902 2103 981 2144 ope
1007 2093 1235 2134 immensam
1265 2090 1460 2145 quandam
1489 2103 1620 2134 rerum
1649 2091 1804 2144 copiam
1834 2077 1952 2134 facile

270 2170 470 2221 colligunt,
499 2171 782 2223 collectamque
811 2170 921 2210 miris
948 2168 1075 2211 modis
1104 2168 1339 2209 custodiunt.
1401 2166 1481 2209 Sed
1506 2167 1749 2229 intelligendi
1780 2172 1821 2210 et
1834 2166 1951 2209 ‚iudi-,-
