2053 2485
1087 131 1138 171 lo

258 253 362 294 bium
402 266 511 295 suum
552 267 599 294 ac
638 254 885 295 fluctuantem
916 257 1106 307 animum,
1152 239 1266 310 quum
1298 255 1346 295 de
1378 257 1624 306 gravissimis
1648 255 1942 308 quaestionibus

261 337 414 380 agatur,
445 344 580 383 parum
609 332 851 371 confirmari:
895 331 1044 380 „Cuius
1074 334 1113 371 in
1143 333 1252 372 libris
1278 331 1374 371 nihil
1403 316 1628 381 affirmatur,
1659 336 1698 371 et
1725 333 1765 371 in
1793 336 1944 371 utram-

261 420 337 459 que
370 414 519 459 partem
550 408 666 447 multa
700 408 963 456 disseruntur3
982 408 1044 467 *de
1075 410 1253 449 omnibus
1285 409 1495 460 quaeritur,
1519 407 1615 447 nihil
1644 410 1742 447 certi
1763 406 1943 447 dicitur.“

434 482 684 535 Philosophia
724 484 956 523 recentioris
995 486 1085 523 aevi
1121 485 1239 524 valde
1271 484 1424 537 quidem
1452 483 1662 524 declinavit
1692 482 1740 523 ab
1772 483 1836 523 illa
1861 484 1943 532 via,

262 572 375 610 quam
413 560 522 599 Plato
564 562 765 611 ceterique
797 565 953 600 veteres
982 559 1205 611 philosophi
1235 562 1408 609 ingressi
1440 565 1547 608 sunt,
1583 565 1623 598 ut
1652 561 1804 599 animos
1835 570 1945 598 sem-

261 636 437 686 piternos
478 647 569 675 esse
608 635 940 684 demonstrarent,
987 648 1114 688 neque
1153 641 1283 675 tamen
1317 637 1525 689 quidquam
1560 636 1626 676 illa
1664 636 1800 685 attulit,
1842 634 1945 687 quod

263 711 514 751 dubitantium
546 713 697 751 animos
729 714 825 752 satis
857 711 1071 762 confirmet,
1102 724 1229 765 neque
1260 712 1395 752 afferet
1429 725 1608 765 unquam.
1649 711 1743 753 Sola
1768 712 1945 752 doctrina

263 787 449 827 divinitus
480 788 678 840 patefacta
710 790 749 827 in
780 787 854 828 hac
886 790 1119 839 gravissima
1150 801 1194 828 re
1224 791 1277 829 ita
1309 790 1473 829 edoceri
1500 789 1677 830 homines
1707 793 1885 841 possunt,
1904 793 1947 828 ut
1985 840 1995 853 o

263 865 388 903 omnis
421 864 610 904 dubitatio
641 866 690 904 iis
724 866 925 904 eximatur.
986 865 1099 912 Quod
1129 867 1163 905 si
1193 866 1356 906 ulterius
1386 867 1575 906 hocloco
1607 871 1944 918 persequeremur,

263 940 358 980 fines
404 941 518 980 huius
569 942 908 980 commentationis
956 941 1111 991 longius
1148 942 1424 994 proferremus.
1496 941 1781 982 Concludamus
1826 942 1945 991 igitur

263 1030 349 1056 eam
391 1019 530 1069 paucis
562 1023 706 1056 tantum
739 1017 924 1066 adiectis,
963 1030 1062 1070 quae
1089 1031 1175 1058 cum
1207 1032 1253 1058 ea
1284 1031 1349 1068 re,
1387 1030 1499 1070 quam
1531 1030 1647 1069 supra
1677 1019 1943 1066 tractavimus,

264 1098 346 1132 arte
378 1093 628 1132 cohaereant.

438 1169 605 1208 Primum
646 1171 711 1220 qui
753 1170 896 1220 poterit
932 1181 1029 1208 vera
1061 1176 1099 1208 et
1129 1170 1253 1209 solida
1283 1171 1425 1209 virtute
1456 1172 1684 1210 consistere.
1704 1171 1760 1219 is,
1799 1160 1863 1220 qui
1895 1162 1944 1208 de

265 1252 370 1285 sorte
402 1258 471 1285 sua
503 1245 630 1285 futura
661 1247 763 1285 iusto
794 1247 880 1285 iure
904 1244 1069 1295 dubitet,
1109 1247 1172 1298 qui
1202 1251 1366 1297 metuat,
1396 1258 1447 1285 ne
1477 1245 1643 1286 decurso
1675 1247 1800 1298 spatio
1830 1244 1943 1286 huius

265 1325 371 1362 vitae
411 1335 486 1361 una
519 1334 604 1361 cum
637 1334 805 1374 corpore
837 1324 987 1362 animus
1015 1323 1316 1372 exstinguatur?
1374 1322 1653 1363 Firmissimum
1680 1324 1835 1363 virtutis
1865 1321 1944 1362 ho-

266 1380 506 1450 nestatisque
537 1399 775 1451 praesidium
805 1401 844 1438 in
876 1411 925 1439 eo
955 1400 1125 1439 maxime
1155 1401 1323 1451 positum
1354 1405 1428 1450 est,
1457 1405 1499 1439 ut
1526 1401 1678 1440 animos
1707 1399 1943 1441 immortales

265 1488 356 1516 esse
387 1475 581 1515 credatur.
643 1474 728 1522 Quo
755 1477 873 1525 igitur
903 1475 1054 1515 sublato
1085 1474 1204 1515 facile
1232 1476 1401 1525 eveniet,
1431 1480 1472 1514 ut
1501 1474 1678 1515 homines
1708 1476 1842 1527 pravis
1860 1477 1942 1534 suis

264 1552 539 1603 cupiditatibus
578 1551 729 1603 abrepti
765 1552 814 1591 ad
845 1535 1025 1604 corporis
1053 1551 1275 1603 voluptates
1306 1552 1435 1590 omnia
1466 1550 1653 1600 referant,
1698 1555 1739 1590 ut
1767 1537 1945 1603 nequiter

264 1629 550 1680 libidinoseque
572 1629 720 1667 vivant.
762 1628 848 1668 Vita
867 1630 1109 1681 antiquorum
1125 1627 1369 1680 populorum,
1395 1626 1634 1667 Graecorum
1656 1629 1888 1680 praesertim
1906 1633 1945 1667 et

264 1704 527 1743 Romanorum
557 1703 669 1743 huius
690 1705 748 1742 rei
777 1705 983 1743 veritatem
1014 1704 1198 1743 declarat.
1256 1702 1394 1742 Donec
1423 1701 1479 1740 illi
1494 1700 1637 1741 studio
1668 1713 1692 1740 a
1720 1706 1857 1741 natura
1876 1702 1944 1741 in-

264 1783 339 1820 sito
372 1781 477 1820 ducti
508 1793 737 1832 persuasum
768 1781 977 1830 habebant,
1007 1779 1203 1819 hominum
1234 1781 1385 1819 animos
1412 1777 1650 1818 immortales
1678 1789 1783 1828 esse,
1815 1783 1854 1818 et
1867 1778 1943 1818 hac

264 1858 521 1910 persuasione
562 1858 710 1896 incitati
739 1850 929 1907 religiosa
964 1861 1175 1909 praecepta
1216 1858 1467 1909 institutaque
1504 1868 1527 1895 a
1557 1855 1771 1897 maioribus
1800 1855 1942 1896 tradita

264 1934 565 1984 diligentissime
597 1933 874 1984 observabant,
906 1935 1050 1975 eximia
1082 1933 1273 1986 quaedam
1304 1934 1505 1974 intereos
1534 1932 1697 1983 vigebat
1710 1943 1859 1971 morum
1875 1932 1943 1971 in·-

198 2063 203 2066 Δ
262 2012 427 2061 tegritas
469 2015 583 2061 atque
620 2009 866 2062 simplicitas,
931 2009 984 2049 At
1011 2009 1078 2050 ubi
1108 2011 1272 2062 primum
1301 2009 1548 2062 philosophia
1578 2009 1680 2049 hanc
1708 2011 1942 2061 persuasio-

263 2095 354 2126 nem'
372 2086 613 2126 labefactare
644 2088 789 2138 coepit,
820 2087 908 2125 sive
938 2086 1042 2137 quod
1071 2087 1285 2125 animorum
1315 2085 1639 2125 immortalitatem
1667 2085 1783 2138 plane
1811 2096 1942 2135 nega-

263 2162 350 2212 bat,
387 2164 473 2202 sive
512 2162 614 2214 quod
646 2162 696 2202 ad
727 2174 812 2201 eam
844 2160 1085 2214 probandam
1115 2163 1287 2202 rationes
1318 2160 1529 2214 afferebat,
1568 2162 1742 2215 speciem
1773 2161 1941 2216 aliquam
