2053 2485
911 112 939 153 5

88 243 193 290 erit,
218 242 259 280 in
289 236 547 290 explanandis
577 237 844 287 superioribus
874 241 1127 288 argumentis
1141 239 1214 279 hos
1245 240 1358 278 locos
1388 239 1612 289 respicere,
1647 237 1763 287 idque

22 320 25 322 ’
87 318 179 358 inde
209 320 404 369 repetere,
434 312 539 365 quod
568 312 720 365 planius
750 316 998 368 apertiusque
1027 316 1168 355 dictum
1198 320 1397 368 appareat.

264 399 299 434 1·
357 389 512 441 „Quum
540 395 647 430 tanta
678 389 860 431 celeritas
889 371 1103 431 animorum
1133 393 1197 441 sit,
1225 396 1331 431 tanta
1361 375 1548 431 memoria
1565 388 1764 443 praeteri-

87 475 212 509 torum
228 467 523 518 futurorumque
539 466 759 518 prudentia,
788 473 845 507 tot
873 472 979 519 artes
1007 473 1155 520 tantae⁷
1170 469 1373 516 scientiae,
1403 473 1460 506 tot
1477 469 1660 515 inventa3
1682 478 1762 505 non

86 558 207 598 posse
237 556 325 585 eam
355 548 553 594 naturam,
592 556 693 596 quae
722 556 788 584 res
818 557 888 585 eas
919 545 1140 594 contineat,
1169 556 1261 585 esse
1281 542 1522 584 mortalem.“
1575 543 1660 584 Hoc
1690 555 1762 583 ar—

87 628 309 673 gumentum
345 621 394 660 ad
417 622 634 660 animorum
662 621 984 660 immortalitatem
1016 621 1352 673 comprobandam·
1367 621 1461 659 nihil
1487 620 1638 669 valere,
1674 621 1761 671 quis

87 682 165 739 non
200 698 362 739 videat?
429 697 553 738 Nemo
593 698 751 747 saltem,
789 700 867 738 nisi
907 699 993 749 quis
1033 697 1135 737 forte
1164 692 1303 738 mentis
1333 709 1468 737 errore
1497 696 1659 736 affectus
1688 700 1762 744 est,

89 787 233 828 corpus
273 774 442 814 hominis
481 774 698 814 immortale
737 786 831 814 esse
870 787 922 813 ex
952 786 1001 813 eo
1032 778 1343 825 argumentetur,
1380 773 1484 824 quod
1514 771 1764 811 artificiosis-

87 854 184 892 sime
211 850 325 892 ·illud
370 856 633 892 constructum
675 856 713 890 et
755 850 805 890 ad
836 852 966 891 omnia
1002 851 1217 892 ministeria
1251 851 1492 902 aptissimum
1523 851 1584 890 sit.
1649 848 1763 897 Quod

86 929 120 967 si
150 926 227 967 hoc
255 916 352 967 fieri‘
369 928 522 979 nequit,
551 939 626 966 nec
655 926 749 966 illud
777 925 861 967 lieri
890 939 1058 979 unquam
1086 929 1248 980 poterit,
1281 933 1323 967 nt
1352 929 1438 980 quis
1469 939 1522 967 ex
1550 931 1763 979 praestan·
1800 946 1804 950 ·

86 1005 245 1044 tissimis
284 1005 401 1043 animi
436 1003 643 1048 virtutibus
674 1005 937 1043 coniecturam
967 1006 1115 1055 capiat,
1154 1007 1322 1047 animum
1351 1007 1478 1056 ipsum
1507 1004 1763 1044 immortalem

86 1081 183 1121 sore.
243 1080 349 1121 Idem
380 1080 496 1129 deus,
534 1081 600 1132 qui
630 1091 786 1132 eorpus>
803 1079 970 1121 hominis
1000 1081 1190 1127 condidit,
1232 1083 1399 1120 animum
1430 1082 1516 1121 eius
1545 1080 1761 1133 praeclaris

85 1157 162 1197 illis
192 1157 395 1197 virtutihus
427 1158 647 1205 exornavit,
678 1155 816 1208 quibus
845 1158 1056 1208 praeterita
1087 1157 1369 1209 complectitur,
1399 1155 1524 1196 futura
1555 1159 1760 1209 prospicit,

86 1234 287 1273 multarum
318 1234 716 1284 gravissimi-umque
748 1215 885 1272 artium
915 1234 1119 1273 scientiam
1150 1233 1313 1283 colligit.
1367 1233 1501 1274 Potest
1530 1245 1627 1284 ergo
1656 1226 1760 1273 idem

86 1310 197 1359 deus,
227 1311 291 1361 qui
321 1320 464 1361 corpus
493 1314 618 1348 morte
649 1308 843 1360 dissolvit,
873 1311 1042 1349 animum
1072 1321 1226 1362 quoque
1255 1315 1380 1350 morte
1405 1311 1498 1361 ipsa
1529 1309 1761 1349 dissolvere.

260 1391 298 1426 2.
359 1384 590 1436 „Quumque
605 1396 761 1436 semper
789 1387 959 1436 agitetur
987 1387 1153 1437 animus,
1183 1399 1258 1426 nec
1277 1388 1510 1439 principium
1528 1392 1655 1428 motus
1684 1387 1763 1427 ha-

82 1463 187 1513 beat,
218 1464 308 1515 quia
339 1475 383 1502 se
413 1464 501 1514 ipse
530 1468 711 1511 moveat3
741 1475 791 1503 ne
820 1462 935 1503 finem
951 1463 1112 1520 *quidem
1130 1463 1349 1504 habiturum
1379 1476 1470 1504 esse
1499 1469 1640 1514 motus,
1671 1465 1762 1516 quia

83 1551 277 1592 nunquam
307 1550 352 1579 se
375 1540 462 1591 ipse
493 1540 544 1579 sit
572 1538 823 1580 relicturus.“
880 1539 966 1580 Hoc
994 1540 1100 1580 idem
1129 1545 1396 1591 argumentum
1419 1539 1544 1581 fusius
1576 1540 1762 1593 explanat

84 1615 224 1656 Cicero
261 1618 303 1656 iu
332 1616 564 1657 Tusculanis
587 1617 894 1669 quaestionibus,
912 1617 1086 1658 Platonis
1107 1620 1277 1668 vestigia
1307 1619 1510 1667 ingressus
1582 1618 1762 1659 Praestat

83 1694 169 1745 ipsa
221 1675 317 1734 eius*
355 1693 478 1734 verba
516 1693 756 1734 adscribere.
822 1692 919 1735 Sunt
956 1697 1083 1734 autem
1117 1693 1195 1734 hoc
1229 1693 1365 1734 modo:
1423 1692 1566 1744 „Quod
1604 1706 1762 1748 semper

83 1775 274 1820 movetur,
304 1775 504 1809 aeternum
534 1775 605 1809 est.
647 1769 760 1817 Quod
790 1775 919 1809 antem
948 1775 1092 1809 motum
1115 1769 1227 1809 affert
1256 1771 1388 1819 alicui,
1419 1771 1598 1822 quodque
1629 1773 1760 1822 ipsum

86 1848 258 1897 agitatur
287 1846 458 1897 aliunde,
490 1847 644 1900 quando
674 1846 789 1886 finem
813 1846 931 1887 hahet
956 1851 1097 1896 motus,
1115 1846 1277 1887 vivendi
1296 1845 1411 1886 finem
1432 1845 1575 1886 haheat
1589 1859 1760 1889 necesse

83 1929 154 1963 est.
218 1923 351 1965 Solum
381 1925 514 1974 igitur,
548 1924 652 1976 quod
682 1936 727 1964 se
756 1926 882 1976 ipsum
911 1928 1057 1973 movet,
1081 1925 1171 1975 quia
1200 1935 1395 1976 nunquam
1425 1924 1619 1964 deseritur
1646 1937 1670 1964 a
1701 1936 1760 1974 se,

82 2012 277 2053 nunquam
312 2013 363 2042 ne
400 2003 550 2041 moveri
587 2001 740 2054 quidem
770 2002 929 2042 desinit:
960 2001 1052 2053 quin
1082 2002 1197 2041 etiam
1227 2002 1384 2051 ceteris,
1413 2012 1515 2053 quae
1543 2007 1761 2051 moventur,

82 2076 145 2116 hic
175 2076 286 2128 fons,
325 2077 402 2117 hoc
430 2078 661 2131 principium
691 2084 752 2119 est
779 2078 975 2120 movendi.
1033 2078 1220 2131 Principii
1250 2083 1377 2118 autem
1405 2077 1511 2118 nulla
1542 2084 1604 2119 est
1631 2080 1759 2129 origo.

81 2152 179 2194 Nam
216 2166 241 2194 e
275 2155 468 2208 principio
506 2157 682 2214 oriuntur
718 2156 871 2205 omnia;
909 2157 1037 2209 ipsum
1074 2161 1202 2197 autem
1239 2155 1342 2196 nulla
1381 2168 1435 2197 ex
1462 2168 1508 2197 re
1538 2155 1616 2197 alia
1646 2158 1759 2198 nasci
