<?xml version="1.0" encoding="UTF-8"?>
<!DOCTYPE html PUBLIC "-//W3C//DTD XHTML 1.0 Transitional//EN"
    "http://www.w3.org/TR/xhtml1/DTD/xhtml1-transitional.dtd">
<html xmlns="http://www.w3.org/1999/xhtml" xml:lang="en" lang="en">
 <head>
  <title>
</title>
<meta http-equiv="Content-Type" content="text/html;charset=utf-8" />
  <meta name='ocr-system' content='tesseract 3.04.00' />
  <meta name='ocr-capabilities' content='ocr_page ocr_carea ocr_par ocr_line ocrx_word'/>
</head>
<body>
  <div class='ocr_page' id='page_1' title='image "4737962_0020.png"; bbox 0 0 2053 2485; ppageno 0'>
   <div class='ocr_carea' id='block_1_1' title="bbox 1095 143 1147 183">
    <p class='ocr_par' dir='ltr' id='par_1_1' title="bbox 1095 143 1147 183">
     <span class='ocr_line' id='line_1_1' title="bbox 1095 143 1147 183; baseline 0 0"><span class='ocrx_word' id='word_1_1' title='bbox 1095 143 1147 183; x_wconf 80' lang='lat'><strong>12</strong></span> 
     </span>
    </p>
   </div>
   <div class='ocr_carea' id='block_1_2' title="bbox 265 270 1977 2178">
    <p class='ocr_par' dir='ltr' id='par_1_2' title="bbox 265 270 1977 2178">
     <span class='ocr_line' id='line_1_2' title="bbox 277 270 1966 331; baseline 0.002 -23"><span class='ocrx_word' id='word_1_2' title='bbox 277 281 392 321; x_wconf 86' lang='lat' dir='ltr'><strong>quum</strong></span> <span class='ocrx_word' id='word_1_3' title='bbox 431 281 566 309; x_wconf 84' lang='lat' dir='ltr'><strong>eorum</strong></span> <span class='ocrx_word' id='word_1_4' title='bbox 604 272 727 310; x_wconf 85' lang='lat' dir='ltr'><strong>vitam</strong></span> <span class='ocrx_word' id='word_1_5' title='bbox 759 270 1087 322; x_wconf 77' lang='lat' dir='ltr'><strong>contemplamur,</strong></span> <span class='ocrx_word' id='word_1_6' title='bbox 1124 270 1225 310; x_wconf 84' lang='lat' dir='ltr'><strong>falsa</strong></span> <span class='ocrx_word' id='word_1_7' title='bbox 1238 270 1442 331; x_wconf 73' lang='lat' dir='ltr'><strong>-opinione</strong></span> <span class='ocrx_word' id='word_1_8' title='bbox 1475 270 1628 322; x_wconf 86' lang='lat' dir='ltr'><strong>decepti</strong></span> <span class='ocrx_word' id='word_1_9' title='bbox 1660 270 1778 310; x_wconf 87' lang='lat' dir='ltr'><strong>facile</strong></span> <span class='ocrx_word' id='word_1_10' title='bbox 1808 272 1848 310; x_wconf 91' lang='lat' dir='ltr'><strong>in</strong></span> <span class='ocrx_word' id='word_1_11' title='bbox 1878 284 1966 311; x_wconf 86' lang='lat' dir='ltr'><strong>eam</strong></span> 
     </span>
     <span class='ocr_line' id='line_1_3' title="bbox 278 346 1965 401; baseline 0.001 -14"><span class='ocrx_word' id='word_1_12' title='bbox 278 348 510 387; x_wconf 86' lang='lat' dir='ltr'><strong>sententiam</strong></span> <span class='ocrx_word' id='word_1_13' title='bbox 550 347 788 398; x_wconf 79' lang='lat' dir='ltr'>delabimur,</span> <span class='ocrx_word' id='word_1_14' title='bbox 827 353 868 387; x_wconf 93' lang='lat' dir='ltr'><strong>ut</strong></span> <span class='ocrx_word' id='word_1_15' title='bbox 905 347 1003 387; x_wconf 84' lang='lat' dir='ltr'><strong>nihil</strong></span> <span class='ocrx_word' id='word_1_16' title='bbox 1040 360 1087 387; x_wconf 92' lang='lat' dir='ltr'><strong>ea</strong></span> <span class='ocrx_word' id='word_1_17' title='bbox 1125 346 1341 387; x_wconf 41' lang='lat' dir='ltr'><strong>iucundius*</strong></span> <span class='ocrx_word' id='word_1_18' title='bbox 1362 351 1478 398; x_wconf 82' lang='lat' dir='ltr'><strong>atque</strong></span> <span class='ocrx_word' id='word_1_19' title='bbox 1508 348 1669 387; x_wconf 83' lang='lat' dir='ltr'><strong>suavius</strong></span> <span class='ocrx_word' id='word_1_20' title='bbox 1693 346 1818 388; x_wconf 82' lang='lat' dir='ltr'><strong>fuisse</strong></span> <span class='ocrx_word' id='word_1_21' title='bbox 1847 354 1965 401; x_wconf 87' lang='lat' dir='ltr'><strong>pute-</strong></span> 
     </span>
     <span class='ocr_line' id='line_1_4' title="bbox 277 424 1966 476; baseline 0.002 -13"><span class='ocrx_word' id='word_1_22' title='bbox 277 436 385 473; x_wconf 85' lang='lat' dir='ltr'><strong>mus3</strong></span> <span class='ocrx_word' id='word_1_23' title='bbox 424 425 495 464; x_wconf 91' lang='lat' dir='ltr'><strong>sed</strong></span> <span class='ocrx_word' id='word_1_24' title='bbox 526 437 571 464; x_wconf 90' lang='lat' dir='ltr'><strong>re</strong></span> <span class='ocrx_word' id='word_1_25' title='bbox 609 430 690 465; x_wconf 87' lang='lat' dir='ltr'><strong>tota</strong></span> <span class='ocrx_word' id='word_1_26' title='bbox 729 426 951 465; x_wconf 78' lang='lat' dir='ltr'><strong>accuratius</strong></span> <span class='ocrx_word' id='word_1_27' title='bbox 989 424 1260 473; x_wconf 83' lang='lat' dir='ltr'><strong>considerata,</strong></span> <span class='ocrx_word' id='word_1_28' title='bbox 1300 424 1412 462; x_wconf 83' lang='lat' dir='ltr'><strong>triste</strong></span> <span class='ocrx_word' id='word_1_29' title='bbox 1449 424 1631 476; x_wconf 77' lang='lat' dir='ltr'><strong>quiddam</strong></span> <span class='ocrx_word' id='word_1_30' title='bbox 1671 437 1718 465; x_wconf 88' lang='lat' dir='ltr'><strong>ac</strong></span> <span class='ocrx_word' id='word_1_31' title='bbox 1747 425 1966 466; x_wconf 83' lang='lat' dir='ltr'><strong>luctuosum</strong></span> 
     </span>
     <span class='ocr_line' id='line_1_5' title="bbox 276 501 1965 555; baseline 0.001 -14"><span class='ocrx_word' id='word_1_32' title='bbox 276 502 342 542; x_wconf 86' lang='lat' dir='ltr'><strong>illa</strong></span> <span class='ocrx_word' id='word_1_33' title='bbox 381 504 574 545; x_wconf 84' lang='lat' dir='ltr'><strong>contineri</strong></span> <span class='ocrx_word' id='word_1_34' title='bbox 610 505 864 555; x_wconf 80' lang='lat' dir='ltr'><strong>reperiemus.</strong></span> <span class='ocrx_word' id='word_1_35' title='bbox 933 501 1070 554; x_wconf 84' lang='lat' dir='ltr'>Neque</span> <span class='ocrx_word' id='word_1_36' title='bbox 1111 503 1214 541; x_wconf 89' lang='lat' dir='ltr'><strong>enim</strong></span> <span class='ocrx_word' id='word_1_37' title='bbox 1254 501 1394 549; x_wconf 85' lang='lat' dir='ltr'><strong>negari</strong></span> <span class='ocrx_word' id='word_1_38' title='bbox 1430 505 1598 552; x_wconf 80' lang='lat' dir='ltr'><strong>potest‚.</strong></span> <span class='ocrx_word' id='word_1_39' title='bbox 1627 501 1823 541; x_wconf 84' lang='lat' dir='ltr'><strong>laudatam</strong></span> <span class='ocrx_word' id='word_1_40' title='bbox 1847 503 1965 542; x_wconf 76' lang='lat' dir='ltr'><strong>‘illam</strong></span> 
     </span>
     <span class='ocr_line' id='line_1_6' title="bbox 276 561 1964 632; baseline 0.001 -14"><span class='ocrx_word' id='word_1_41' title='bbox 276 561 524 630; x_wconf 63' lang='lat' dir='ltr'><strong>hilaritatem,</strong></span> <span class='ocrx_word' id='word_1_42' title='bbox 555 591 628 632; x_wconf 91' lang='lat' dir='ltr'><strong>per</strong></span> <span class='ocrx_word' id='word_1_43' title='bbox 661 581 905 632; x_wconf 86' lang='lat' dir='ltr'><strong>antiquorum</strong></span> <span class='ocrx_word' id='word_1_44' title='bbox 934 579 1056 618; x_wconf 89' lang='lat' dir='ltr'><strong>vitam</strong></span> <span class='ocrx_word' id='word_1_45' title='bbox 1087 577 1279 627; x_wconf 86' lang='lat' dir='ltr'><strong>diffusam,</strong></span> <span class='ocrx_word' id='word_1_46' title='bbox 1297 578 1424 627; x_wconf 80' lang='lat' dir='ltr'><strong>magis</strong></span> <span class='ocrx_word' id='word_1_47' title='bbox 1453 579 1626 619; x_wconf 86' lang='lat' dir='ltr'><strong>externis</strong></span> <span class='ocrx_word' id='word_1_48' title='bbox 1643 572 1832 631; x_wconf 85' lang='lat' dir='ltr'><strong>moribus,</strong></span> <span class='ocrx_word' id='word_1_49' title='bbox 1850 592 1964 632; x_wconf 89' lang='lat' dir='ltr'><strong>quam</strong></span> 
     </span>
     <span class='ocr_line' id='line_1_7' title="bbox 277 653 1964 706; baseline 0.001 -11"><span class='ocrx_word' id='word_1_50' title='bbox 277 658 418 697; x_wconf 88' lang='lat' dir='ltr'><strong>animis</strong></span> <span class='ocrx_word' id='word_1_51' title='bbox 451 669 586 696; x_wconf 89' lang='lat' dir='ltr'><strong>eorum</strong></span> <span class='ocrx_word' id='word_1_52' title='bbox 617 657 850 697; x_wconf 86' lang='lat' dir='ltr'>inhaesisse.</span> <span class='ocrx_word' id='word_1_53' title='bbox 909 656 1005 696; x_wconf 91' lang='lat' dir='ltr'><strong>Eius</strong></span> <span class='ocrx_word' id='word_1_54' title='bbox 1026 657 1085 694; x_wconf 90' lang='lat' dir='ltr'><strong>rei</strong></span> <span class='ocrx_word' id='word_1_55' title='bbox 1115 655 1339 694; x_wconf 87' lang='lat' dir='ltr'><strong>testimonia</strong></span> <span class='ocrx_word' id='word_1_56' title='bbox 1371 653 1518 706; x_wconf 82' lang='lat' dir='ltr'><strong>aliquot</strong></span> <span class='ocrx_word' id='word_1_57' title='bbox 1542 654 1682 695; x_wconf 83' lang='lat' dir='ltr'><strong>afferre</strong></span> <span class='ocrx_word' id='word_1_58' title='bbox 1712 657 1832 696; x_wconf 89' lang='lat' dir='ltr'><strong>iuvat.</strong></span> <span class='ocrx_word' id='word_1_59' title='bbox 1891 657 1964 696; x_wconf 90' lang='lat' dir='ltr'><strong>Vel</strong></span> 
     </span>
     <span class='ocr_line' id='line_1_8' title="bbox 275 640 1964 788; baseline 0 -14"><span class='ocrx_word' id='word_1_60' title='bbox 275 640 663 788; x_wconf 31' lang='lat' dir='ltr'><strong>ipsumxlomerum,</strong></span> <span class='ocrx_word' id='word_1_61' title='bbox 694 734 1004 787; x_wconf 87' lang='lat' dir='ltr'><strong>antiquissimum</strong></span> <span class='ocrx_word' id='word_1_62' title='bbox 1035 731 1274 772; x_wconf 89' lang='lat' dir='ltr'><strong>Graecorum</strong></span> <span class='ocrx_word' id='word_1_63' title='bbox 1305 736 1475 784; x_wconf 73' lang='lat' dir='ltr'><strong>poetam,</strong></span> <span class='ocrx_word' id='word_1_64' title='bbox 1505 738 1643 773; x_wconf 89' lang='lat' dir='ltr'><strong>testem</strong></span> <span class='ocrx_word' id='word_1_65' title='bbox 1673 734 1834 774; x_wconf 88' lang='lat' dir='ltr'><strong>laudare</strong></span> <span class='ocrx_word' id='word_1_66' title='bbox 1864 747 1964 787; x_wconf 90' lang='lat' dir='ltr'><strong>pos-</strong></span> 
     </span>
     <span class='ocr_line' id='line_1_9' title="bbox 278 798 1963 862; baseline -0.001 -10"><span class='ocrx_word' id='word_1_67' title='bbox 278 824 421 852; x_wconf 90' lang='lat' dir='ltr'><strong>sumus.</strong></span> <span class='ocrx_word' id='word_1_68' title='bbox 471 810 562 851; x_wconf 92' lang='lat' dir='ltr'><strong>Noti</strong></span> <span class='ocrx_word' id='word_1_69' title='bbox 593 817 682 852; x_wconf 87' lang='lat' dir='ltr'><strong>sunt</strong></span> <span class='ocrx_word' id='word_1_70' title='bbox 709 823 851 852; x_wconf 87' lang='lat' dir='ltr'><strong>versus</strong></span> <span class='ocrx_word' id='word_1_71' title='bbox 882 810 937 850; x_wconf 93' lang='lat' dir='ltr'><strong>illi</strong></span> <span class='ocrx_word' id='word_1_72' title='bbox 970 822 992 849; x_wconf 90' lang='lat' dir='ltr'><strong>e</strong></span> <span class='ocrx_word' id='word_1_73' title='bbox 1024 810 1189 862; x_wconf 88' lang='lat' dir='ltr'><strong>septimo</strong></span> <span class='ocrx_word' id='word_1_74' title='bbox 1222 808 1375 848; x_wconf 89' lang='lat' dir='ltr'><strong>decimo</strong></span> <span class='ocrx_word' id='word_1_75' title='bbox 1405 809 1562 859; x_wconf 81' lang='lat' dir='ltr'><strong>Iliadis,</strong></span> <span class='ocrx_word' id='word_1_76' title='bbox 1603 809 1741 862; x_wconf 86' lang='lat' dir='ltr'><strong>quihus</strong></span> <span class='ocrx_word' id='word_1_77' title='bbox 1771 798 1963 851; x_wconf 82' lang='lat' dir='ltr'><strong>Achillem</strong></span> 
     </span>
     <span class='ocr_line' id='line_1_10' title="bbox 276 871 1501 940; baseline -0.002 -13"><span class='ocrx_word' id='word_1_78' title='bbox 276 890 317 927; x_wconf 91' lang='lat' dir='ltr'><strong>in</strong></span> <span class='ocrx_word' id='word_1_79' title='bbox 348 900 498 929; x_wconf 90' lang='lat' dir='ltr'><strong>summo</strong></span> <span class='ocrx_word' id='word_1_80' title='bbox 524 888 673 928; x_wconf 88' lang='lat' dir='ltr'><strong>doloris</strong></span> <span class='ocrx_word' id='word_1_81' title='bbox 704 890 848 940; x_wconf 82' lang='lat' dir='ltr'><strong>impetu</strong></span> <span class='ocrx_word' id='word_1_82' title='bbox 870 871 923 927; x_wconf 79' lang='lat' dir='ltr'><strong>ita</strong></span> <span class='ocrx_word' id='word_1_83' title='bbox 956 887 1241 926; x_wconf 81' lang='lat' dir='ltr'><strong>exclamantem</strong></span> <span class='ocrx_word' id='word_1_84' title='bbox 1273 886 1388 926; x_wconf 78' lang='lat' dir='ltr'><strong>facit:</strong></span> <span class='ocrx_word' id='word_1_85' title='bbox 1491 879 1501 884; x_wconf 74' lang='grc'><strong>’</strong></span> 
     </span>
     <span class='ocr_line' id='line_1_11' title="bbox 502 951 1596 1019; baseline -0.001 -16"><span class='ocrx_word' id='word_1_86' title='bbox 502 963 552 1003; x_wconf 81' lang='grc' dir='ltr'><strong>οὐ</strong></span> <span class='ocrx_word' id='word_1_87' title='bbox 589 961 668 1017; x_wconf 73' lang='grc' dir='ltr'><strong>μὲν</strong></span> <span class='ocrx_word' id='word_1_88' title='bbox 695 961 778 1019; x_wconf 82' lang='grc' dir='ltr'><strong>γάρ</strong></span> <span class='ocrx_word' id='word_1_89' title='bbox 807 961 849 1004; x_wconf 83' lang='grc' dir='ltr'><strong>τί</strong></span> <span class='ocrx_word' id='word_1_90' title='bbox 876 951 958 1003; x_wconf 86' lang='grc' dir='ltr'><strong>πού</strong></span> <span class='ocrx_word' id='word_1_91' title='bbox 995 964 1105 1004; x_wconf 82' lang='grc' dir='ltr'><em>ἐστιν</em></span> <span class='ocrx_word' id='word_1_92' title='bbox 1139 957 1409 1014; x_wconf 72' lang='grc' dir='ltr'><strong><em>ὀϊζυρώτερον</em></strong></span> <span class='ocrx_word' id='word_1_93' title='bbox 1443 957 1596 1015; x_wconf 63' lang='grc' dir='ltr'><em>ἀνδρὸς</em></span> 
     </span>
     <span class='ocr_line' id='line_1_12' title="bbox 499 1036 1961 1095; baseline 0.001 -15"><span class='ocrx_word' id='word_1_94' title='bbox 499 1038 685 1087; x_wconf 82' lang='grc' dir='ltr'><em>πάντων,</em></span> <span class='ocrx_word' id='word_1_95' title='bbox 701 1040 805 1080; x_wconf 78' lang='grc' dir='ltr'><em>ὅσσα</em></span> <span class='ocrx_word' id='word_1_96' title='bbox 824 1056 868 1080; x_wconf 90' lang='grc' dir='ltr'><strong>τε</strong></span> <span class='ocrx_word' id='word_1_97' title='bbox 886 1043 1014 1095; x_wconf 85' lang='grc' dir='ltr'><em>γαῖαν</em></span> <span class='ocrx_word' id='word_1_98' title='bbox 1032 1041 1096 1079; x_wconf 74' lang='grc' dir='ltr'><strong>ἔπι</strong></span> <span class='ocrx_word' id='word_1_99' title='bbox 1110 1037 1237 1079; x_wconf 82' lang='grc' dir='ltr'><em>πνείει</em></span> <span class='ocrx_word' id='word_1_100' title='bbox 1252 1053 1296 1077; x_wconf 82' lang='grc' dir='ltr'><strong>τε</strong></span> <span class='ocrx_word' id='word_1_101' title='bbox 1310 1036 1380 1077; x_wconf 84' lang='grc' dir='ltr'><strong>καὶ</strong></span> <span class='ocrx_word' id='word_1_102' title='bbox 1400 1037 1519 1090; x_wconf 78' lang='grc' dir='ltr'><em>ἕρπει.</em></span> <span class='ocrx_word' id='word_1_103' title='bbox 1549 1039 1590 1078; x_wconf 87' lang='lat'><strong>11.</strong></span> <span class='ocrx_word' id='word_1_104' title='bbox 1609 1038 1768 1082; x_wconf 85' lang='lat' dir='ltr'><strong>lel.v,</strong></span> <span class='ocrx_word' id='word_1_105' title='bbox 1778 1038 1873 1081; x_wconf 86' lang='lat'><strong>446.</strong></span> <span class='ocrx_word' id='word_1_106' title='bbox 1887 1047 1961 1083; x_wconf 83' lang='lat' dir='ltr'><strong>etc.</strong></span> 
     </span>
     <span class='ocr_line' id='line_1_13' title="bbox 449 1117 1960 1171; baseline 0 -12"><span class='ocrx_word' id='word_1_107' title='bbox 449 1117 634 1159; x_wconf 86' lang='lat' dir='ltr'><strong>Miseram</strong></span> <span class='ocrx_word' id='word_1_108' title='bbox 674 1131 766 1160; x_wconf 88' lang='lat' dir='ltr'><strong>esse</strong></span> <span class='ocrx_word' id='word_1_109' title='bbox 806 1119 1002 1158; x_wconf 91' lang='lat' dir='ltr'><strong>hominum</strong></span> <span class='ocrx_word' id='word_1_110' title='bbox 1038 1118 1300 1157; x_wconf 89' lang='lat' dir='ltr'><strong>conditionem</strong></span> <span class='ocrx_word' id='word_1_111' title='bbox 1332 1122 1371 1156; x_wconf 88' lang='lat' dir='ltr'><strong>et</strong></span> <span class='ocrx_word' id='word_1_112' title='bbox 1400 1118 1569 1156; x_wconf 83' lang='lat' dir='ltr'><strong>maxime</strong></span> <span class='ocrx_word' id='word_1_113' title='bbox 1599 1124 1825 1170; x_wconf 81' lang='lat' dir='ltr'><strong>propterea,</strong></span> <span class='ocrx_word' id='word_1_114' title='bbox 1858 1120 1960 1171; x_wconf 89' lang='lat' dir='ltr'><strong>quod</strong></span> 
     </span>
     <span class='ocr_line' id='line_1_14' title="bbox 277 1193 1977 1249; baseline 0.001 -14"><span class='ocrx_word' id='word_1_115' title='bbox 277 1195 376 1236; x_wconf 90' lang='lat' dir='ltr'><strong>deos</strong></span> <span class='ocrx_word' id='word_1_116' title='bbox 416 1197 526 1249; x_wconf 89' lang='lat' dir='ltr'><strong>ipsos</strong></span> <span class='ocrx_word' id='word_1_117' title='bbox 565 1197 810 1237; x_wconf 87' lang='lat' dir='ltr'><strong>miseriarum</strong></span> <span class='ocrx_word' id='word_1_118' title='bbox 841 1201 1023 1237; x_wconf 80' lang='lat' dir='ltr'><strong>auctores</strong></span> <span class='ocrx_word' id='word_1_119' title='bbox 1054 1194 1241 1246; x_wconf 87' lang='lat' dir='ltr'><strong>habeant,</strong></span> <span class='ocrx_word' id='word_1_120' title='bbox 1277 1193 1381 1234; x_wconf 91' lang='lat' dir='ltr'><strong>idem</strong></span> <span class='ocrx_word' id='word_1_121' title='bbox 1411 1197 1528 1246; x_wconf 76' lang='lat' dir='ltr'><strong>poeta</strong></span> <span class='ocrx_word' id='word_1_122' title='bbox 1558 1193 1619 1235; x_wconf 86' lang='lat' dir='ltr'><strong>his</strong></span> <span class='ocrx_word' id='word_1_123' title='bbox 1651 1195 1833 1236; x_wconf 87' lang='lat' dir='ltr'><strong>versibus</strong></span> <span class='ocrx_word' id='word_1_124' title='bbox 1863 1209 1977 1248; x_wconf 87' lang='lat' dir='ltr'><strong>per-.</strong></span> 
     </span>
     <span class='ocr_line' id='line_1_15' title="bbox 277 1274 469 1326; baseline -0.01 -12"><span class='ocrx_word' id='word_1_125' title='bbox 277 1274 469 1326; x_wconf 86' lang='lat' dir='ltr'><strong>sequitur:</strong></span> 
     </span>
     <span class='ocr_line' id='line_1_16' title="bbox 491 1347 1534 1408; baseline 0.003 -18"><span class='ocrx_word' id='word_1_126' title='bbox 491 1349 548 1395; x_wconf 75' lang='grc' dir='ltr'><strong>ὣς</strong></span> <span class='ocrx_word' id='word_1_127' title='bbox 576 1349 657 1405; x_wconf 75' lang='grc' dir='ltr'><strong>γὰρ</strong></span> <span class='ocrx_word' id='word_1_128' title='bbox 687 1347 969 1391; x_wconf 75' lang='grc' dir='ltr'><strong><em>ἐπεκλώσαντο</em></strong></span> <span class='ocrx_word' id='word_1_129' title='bbox 989 1350 1083 1392; x_wconf 79' lang='grc' dir='ltr'><em>θεοὶ</em></span> <span class='ocrx_word' id='word_1_130' title='bbox 1112 1350 1280 1395; x_wconf 75' lang='grc' dir='ltr'><em>δειλοῖσι</em></span> <span class='ocrx_word' id='word_1_131' title='bbox 1307 1355 1534 1408; x_wconf 82' lang='grc' dir='ltr'><em>βροτοῖσιν,</em></span> 
     </span>
     <span class='ocr_line' id='line_1_17' title="bbox 493 1424 1953 1484; baseline 0.003 -17"><span class='ocrx_word' id='word_1_132' title='bbox 493 1424 612 1476; x_wconf 80' lang='grc' dir='ltr'><em>ζώειν</em></span> <span class='ocrx_word' id='word_1_133' title='bbox 636 1427 894 1482; x_wconf 61' lang='grc' dir='ltr'><em>ἀχνυμένοις</em></span> <span class='ocrx_word' id='word_1_134' title='bbox 918 1427 1039 1469; x_wconf 81' lang='grc' dir='ltr'><em>αὐτοὶ</em></span> <span class='ocrx_word' id='word_1_135' title='bbox 1067 1428 1118 1470; x_wconf 73' lang='grc' dir='ltr'><strong>δέ</strong></span> <span class='ocrx_word' id='word_1_136' title='bbox 1142 1430 1176 1470; x_wconf 73' lang='grc' dir='ltr'><strong>τ’</strong></span> <span class='ocrx_word' id='word_1_137' title='bbox 1208 1429 1495 1484; x_wconf 76' lang='grc' dir='ltr'><em>οἷκηὸἔεςεῖσίν.</em></span> <span class='ocrx_word' id='word_1_138' title='bbox 1548 1431 1590 1472; x_wconf 91' lang='lat' dir='ltr'><strong>Il.</strong></span> <span class='ocrx_word' id='word_1_139' title='bbox 1608 1430 1744 1471; x_wconf 85' lang='lat' dir='ltr'>XXIV.</span> <span class='ocrx_word' id='word_1_140' title='bbox 1763 1429 1859 1472; x_wconf 79' lang='lat'><strong>525.</strong></span> <span class='ocrx_word' id='word_1_141' title='bbox 1879 1436 1953 1472; x_wconf 81' lang='lat' dir='ltr'><strong>etc.</strong></span> 
     </span>
     <span class='ocr_line' id='line_1_18' title="bbox 443 1506 1956 1561; baseline 0.002 -16"><span class='ocrx_word' id='word_1_142' title='bbox 443 1506 606 1546; x_wconf 88' lang='lat' dir='ltr'><strong>Tantum</strong></span> <span class='ocrx_word' id='word_1_143' title='bbox 629 1509 748 1557; x_wconf 87' lang='lat' dir='ltr'><strong>igitur</strong></span> <span class='ocrx_word' id='word_1_144' title='bbox 778 1507 935 1556; x_wconf 82' lang='lat' dir='ltr'><strong>aberat,</strong></span> <span class='ocrx_word' id='word_1_145' title='bbox 965 1512 1008 1546; x_wconf 89' lang='lat' dir='ltr'><strong>ut</strong></span> <span class='ocrx_word' id='word_1_146' title='bbox 1036 1508 1214 1550; x_wconf 90' lang='lat' dir='ltr'><strong>homines</strong></span> <span class='ocrx_word' id='word_1_147' title='bbox 1246 1512 1285 1550; x_wconf 91' lang='lat' dir='ltr'><strong>in</strong></span> <span class='ocrx_word' id='word_1_148' title='bbox 1318 1511 1479 1550; x_wconf 91' lang='lat' dir='ltr'><strong>deorum</strong></span> <span class='ocrx_word' id='word_1_149' title='bbox 1510 1510 1655 1549; x_wconf 87' lang='lat' dir='ltr'><strong>auxilio</strong></span> <span class='ocrx_word' id='word_1_150' title='bbox 1688 1521 1797 1561; x_wconf 88' lang='lat' dir='ltr'><strong>spem</strong></span> <span class='ocrx_word' id='word_1_151' title='bbox 1827 1522 1874 1548; x_wconf 94' lang='lat' dir='ltr'><strong>ac</strong></span> <span class='ocrx_word' id='word_1_152' title='bbox 1905 1509 1956 1547; x_wconf 88' lang='lat' dir='ltr'><strong>fi-</strong></span> 
     </span>
     <span class='ocr_line' id='line_1_19' title="bbox 267 1583 1953 1640; baseline 0.002 -17"><span class='ocrx_word' id='word_1_153' title='bbox 267 1583 421 1623; x_wconf 91' lang='lat' dir='ltr'><strong>duciam</strong></span> <span class='ocrx_word' id='word_1_154' title='bbox 451 1596 601 1637; x_wconf 85' lang='lat' dir='ltr'><strong>ponere</strong></span> <span class='ocrx_word' id='word_1_155' title='bbox 633 1584 778 1625; x_wconf 90' lang='lat' dir='ltr'><strong>debere</strong></span> <span class='ocrx_word' id='word_1_156' title='bbox 807 1585 1012 1635; x_wconf 85' lang='lat' dir='ltr'><strong>iudicaret,</strong></span> <span class='ocrx_word' id='word_1_157' title='bbox 1042 1592 1083 1626; x_wconf 89' lang='lat' dir='ltr'><strong>ut</strong></span> <span class='ocrx_word' id='word_1_158' title='bbox 1106 1593 1267 1640; x_wconf 85' lang='lat' dir='ltr'><strong>propter</strong></span> <span class='ocrx_word' id='word_1_159' title='bbox 1292 1588 1553 1628; x_wconf 79' lang='lat' dir='ltr'><strong>calamitatum</strong></span> <span class='ocrx_word' id='word_1_160' title='bbox 1579 1588 1832 1627; x_wconf 87' lang='lat' dir='ltr'><strong>acerbitatem</strong></span> <span class='ocrx_word' id='word_1_161' title='bbox 1866 1600 1953 1626; x_wconf 92' lang='lat' dir='ltr'><strong>cum</strong></span> 
     </span>
     <span class='ocr_line' id='line_1_20' title="bbox 269 1660 1433 1717; baseline 0.003 -17"><span class='ocrx_word' id='word_1_162' title='bbox 269 1660 344 1700; x_wconf 88' lang='lat' dir='ltr'><strong>diis</strong></span> <span class='ocrx_word' id='word_1_163' title='bbox 375 1662 470 1713; x_wconf 88' lang='lat' dir='ltr'><strong>ipsis</strong></span> <span class='ocrx_word' id='word_1_164' title='bbox 501 1663 632 1712; x_wconf 85' lang='lat' dir='ltr'><strong>iurgio</strong></span> <span class='ocrx_word' id='word_1_165' title='bbox 665 1674 736 1701; x_wconf 87' lang='lat' dir='ltr'><strong>eos</strong></span> <span class='ocrx_word' id='word_1_166' title='bbox 770 1662 1009 1701; x_wconf 82' lang='lat' dir='ltr'><strong>contendere</strong></span> <span class='ocrx_word' id='word_1_167' title='bbox 1039 1676 1160 1715; x_wconf 88' lang='lat' dir='ltr'><strong>posse</strong></span> <span class='ocrx_word' id='word_1_168' title='bbox 1190 1665 1392 1717; x_wconf 85' lang='lat' dir='ltr'><strong>probaret:</strong></span> <span class='ocrx_word' id='word_1_169' title='bbox 1428 1715 1433 1717; x_wconf 23' lang='grc' dir='ltr'><em>Π</em></span> 
     </span>
     <span class='ocr_line' id='line_1_21' title="bbox 493 1735 1591 1796; baseline 0.005 -20"><span class='ocrx_word' id='word_1_170' title='bbox 493 1740 577 1777; x_wconf 88' lang='grc' dir='ltr'><strong>Ζεῦ</strong></span> <span class='ocrx_word' id='word_1_171' title='bbox 616 1735 759 1791; x_wconf 81' lang='grc' dir='ltr'><em>πάτερ,</em></span> <span class='ocrx_word' id='word_1_172' title='bbox 800 1737 913 1783; x_wconf 79' lang='grc' dir='ltr'><em>οὔτις</em></span> <span class='ocrx_word' id='word_1_173' title='bbox 948 1741 1032 1779; x_wconf 83' lang='grc' dir='ltr'><em>σεῖο</em></span> <span class='ocrx_word' id='word_1_174' title='bbox 1067 1740 1184 1781; x_wconf 77' lang='grc' dir='ltr'><em>θεῶν</em></span> <span class='ocrx_word' id='word_1_175' title='bbox 1213 1738 1432 1796; x_wconf 82' lang='grc' dir='ltr'><em>ὀλοώτερος</em></span> <span class='ocrx_word' id='word_1_176' title='bbox 1454 1741 1591 1786; x_wconf 65' lang='lat' dir='ltr'><strong>dinus!</strong></span> 
     </span>
     <span class='ocr_line' id='line_1_22' title="bbox 493 1812 1567 1875; baseline 0.007 -22"><span class='ocrx_word' id='word_1_177' title='bbox 493 1812 570 1854; x_wconf 83' lang='grc' dir='ltr'><strong>οὐκ</strong></span> <span class='ocrx_word' id='word_1_178' title='bbox 599 1812 786 1868; x_wconf 77' lang='grc' dir='ltr'><em>ἐλεαίρεις</em></span> <span class='ocrx_word' id='word_1_179' title='bbox 815 1812 997 1868; x_wconf 77' lang='grc' dir='ltr'><em>ἄνδρας,’</em></span> <span class='ocrx_word' id='word_1_180' title='bbox 1025 1815 1126 1870; x_wconf 76' lang='grc' dir='ltr'><em>ἐπὴν</em></span> <span class='ocrx_word' id='word_1_181' title='bbox 1165 1815 1217 1870; x_wconf 79' lang='grc' dir='ltr'><strong>δὴ</strong></span> <span class='ocrx_word' id='word_1_182' title='bbox 1246 1817 1398 1875; x_wconf 78' lang='grc' dir='ltr'><em>γείνεαι</em></span> <span class='ocrx_word' id='word_1_183' title='bbox 1429 1816 1567 1866; x_wconf 80' lang='grc' dir='ltr'><em>αὐτός,</em></span> 
     </span>
     <span class='ocr_line' id='line_1_23' title="bbox 489 1890 1952 1952; baseline 0.004 -22"><span class='ocrx_word' id='word_1_184' title='bbox 489 1892 733 1947; x_wconf 78' lang='grc' dir='ltr'><em>μισγέμεναι</em></span> <span class='ocrx_word' id='word_1_185' title='bbox 749 1890 943 1944; x_wconf 78' lang='grc' dir='ltr'><em>κακότητι</em></span> <span class='ocrx_word' id='word_1_186' title='bbox 961 1892 1030 1933; x_wconf 84' lang='grc' dir='ltr'><strong>καὶ</strong></span> <span class='ocrx_word' id='word_1_187' title='bbox 1043 1895 1182 1950; x_wconf 78' lang='grc' dir='ltr'><em>ἄλγεσι</em></span> <span class='ocrx_word' id='word_1_188' title='bbox 1199 1896 1499 1952; x_wconf 54' lang='grc' dir='ltr'><em>λευγαλέοισιν,</em></span> <span class='ocrx_word' id='word_1_189' title='bbox 1518 1896 1640 1949; x_wconf 79' lang='lat' dir='ltr'><strong>Odys.</strong></span> <span class='ocrx_word' id='word_1_190' title='bbox 1656 1896 1743 1934; x_wconf 87' lang='lat' dir='ltr'><strong>XX.</strong></span> <span class='ocrx_word' id='word_1_191' title='bbox 1763 1894 1859 1935; x_wconf 83' lang='lat'><strong>201.</strong></span> <span class='ocrx_word' id='word_1_192' title='bbox 1880 1901 1952 1935; x_wconf 83' lang='lat' dir='ltr'><strong>etc.</strong></span> 
     </span>
     <span class='ocr_line' id='line_1_24' title="bbox 440 1970 1952 2033; baseline 0.001 -22"><span class='ocrx_word' id='word_1_193' title='bbox 440 1970 551 2011; x_wconf 90' lang='lat' dir='ltr'><strong>Hanc</strong></span> <span class='ocrx_word' id='word_1_194' title='bbox 596 1971 757 2012; x_wconf 87' lang='lat' dir='ltr'><strong>Homeri</strong></span> <span class='ocrx_word' id='word_1_195' title='bbox 805 1975 1035 2014; x_wconf 88' lang='lat' dir='ltr'><strong>sententiam</strong></span> <span class='ocrx_word' id='word_1_196' title='bbox 1080 1987 1190 2015; x_wconf 89' lang='lat' dir='ltr'><strong>suam</strong></span> <span class='ocrx_word' id='word_1_197' title='bbox 1227 1975 1322 2016; x_wconf 87' lang='lat' dir='ltr'><strong>facit</strong></span> <span class='ocrx_word' id='word_1_198' title='bbox 1359 1975 1603 2024; x_wconf 84' lang='lat' dir='ltr'><strong>Herodotus,</strong></span> <span class='ocrx_word' id='word_1_199' title='bbox 1660 1973 1952 2033; x_wconf 69' lang='lat' dir='ltr'><strong>antiquissimus</strong></span> 
     </span>
     <span class='ocr_line' id='line_1_25' title="bbox 266 2048 1953 2102; baseline 0.002 -15"><span class='ocrx_word' id='word_1_200' title='bbox 266 2048 515 2088; x_wconf 83' lang='lat' dir='ltr'><strong>historiarum</strong></span> <span class='ocrx_word' id='word_1_201' title='bbox 546 2050 738 2102; x_wconf 83' lang='lat' dir='ltr'><strong>scriptor,</strong></span> <span class='ocrx_word' id='word_1_202' title='bbox 780 2062 893 2102; x_wconf 89' lang='lat' dir='ltr'><strong>quum</strong></span> <span class='ocrx_word' id='word_1_203' title='bbox 925 2052 1197 2091; x_wconf 87' lang='lat' dir='ltr'><strong>suavissimam</strong></span> <span class='ocrx_word' id='word_1_204' title='bbox 1230 2053 1333 2092; x_wconf 87' lang='lat' dir='ltr'><strong>illam</strong></span> <span class='ocrx_word' id='word_1_205' title='bbox 1363 2053 1627 2092; x_wconf 86' lang='lat' dir='ltr'><strong>narrationem</strong></span> <span class='ocrx_word' id='word_1_206' title='bbox 1658 2051 1707 2090; x_wconf 91' lang='lat' dir='ltr'><strong>de</strong></span> <span class='ocrx_word' id='word_1_207' title='bbox 1738 2049 1885 2095; x_wconf 87' lang='lat' dir='ltr'><strong>Gleobe</strong></span> <span class='ocrx_word' id='word_1_208' title='bbox 1916 2056 1953 2090; x_wconf 88' lang='lat' dir='ltr'><strong>et</strong></span> 
     </span>
     <span class='ocr_line' id='line_1_26' title="bbox 265 2116 1953 2178; baseline 0.001 -13"><span class='ocrx_word' id='word_1_209' title='bbox 265 2116 404 2166; x_wconf 91' lang='lat' dir='ltr'><strong>Bitone</strong></span> <span class='ocrx_word' id='word_1_210' title='bbox 442 2129 494 2167; x_wconf 88' lang='lat' dir='ltr'><strong>ita</strong></span> <span class='ocrx_word' id='word_1_211' title='bbox 531 2127 759 2167; x_wconf 89' lang='lat' dir='ltr'><strong>concludat:</strong></span> <span class='ocrx_word' id='word_1_212' title='bbox 797 2123 951 2171; x_wconf 74' lang='grc' dir='ltr'><em>διέδεξέ</em></span> <span class='ocrx_word' id='word_1_213' title='bbox 983 2141 1026 2165; x_wconf 86' lang='grc' dir='ltr'><strong>τε</strong></span> <span class='ocrx_word' id='word_1_214' title='bbox 1057 2127 1101 2166; x_wconf 80' lang='grc' dir='ltr'><strong>ἐν</strong></span> <span class='ocrx_word' id='word_1_215' title='bbox 1138 2125 1344 2168; x_wconf 83' lang='grc' dir='ltr'><em>τούτοισιν</em></span> <span class='ocrx_word' id='word_1_216' title='bbox 1384 2126 1407 2167; x_wconf 82' lang='grc' dir='ltr'>ὅ</span> <span class='ocrx_word' id='word_1_217' title='bbox 1448 2126 1567 2173; x_wconf 79' lang='grc' dir='ltr'><em>θεὸς,</em></span> <span class='ocrx_word' id='word_1_218' title='bbox 1605 2125 1660 2171; x_wconf 80' lang='grc' dir='ltr'><strong>ὥς</strong></span> <span class='ocrx_word' id='word_1_219' title='bbox 1695 2126 1866 2178; x_wconf 79' lang='grc' dir='ltr'><em>ἄμεινον</em></span> <span class='ocrx_word' id='word_1_220' title='bbox 1894 2128 1953 2177; x_wconf 83' lang='grc' dir='ltr'><em>εἴη</em></span> 
     </span>
    </p>
   </div>
   <div class='ocr_carea' id='block_1_3' title="bbox 266 2199 1113 2257">
    <p class='ocr_par' dir='ltr' id='par_1_3' title="bbox 266 2199 1113 2257">
     <span class='ocr_line' id='line_1_27' title="bbox 266 2199 1113 2257; baseline 0.001 -15"><span class='ocrx_word' id='word_1_221' title='bbox 266 2200 482 2257; x_wconf 76' lang='grc' dir='ltr'><strong>ἀνθρώπῳ</strong></span> <span class='ocrx_word' id='word_1_222' title='bbox 505 2201 710 2244; x_wconf 78' lang='grc' dir='ltr'><em>τεθνάναι</em></span> <span class='ocrx_word' id='word_1_223' title='bbox 739 2207 899 2257; x_wconf 85' lang='grc' dir='ltr'><em>μᾶλλον</em></span> <span class='ocrx_word' id='word_1_224' title='bbox 927 2201 954 2254; x_wconf 81' lang='grc' dir='ltr'><em>ἢ</em></span> <span class='ocrx_word' id='word_1_225' title='bbox 985 2199 1113 2251; x_wconf 86' lang='grc' dir='ltr'><em>ζώειν.</em></span> 
     </span>
    </p>
   </div>
  </div>
 </body>
</html>
