2053 2485
1091 130 1121 173 6

260 260 406 310 potest:
445 267 518 295 nec
550 256 652 294 enim
684 258 792 294 esset
822 254 860 294 id
890 255 1137 308 principium,
1166 257 1269 310 quod
1300 259 1530 309 gigneretur
1560 258 1727 299 aliunde.
1775 258 1888 308 Quod
1913 261 1947 300 si

259 345 454 386 nunquam
485 333 621 382 oritur,
652 343 702 370 ne
733 330 879 370 occidit
907 332 1063 384 quidem
1093 346 1273 387 unquam.
1325 333 1424 375 Nam
1453 336 1686 389 principium
1714 337 1947 377 exstinctum

259 425 333 452 nec
365 413 491 464 ipsum
522 409 570 450 ah
601 408 680 449 alio
711 413 955 459 renascetur,
985 422 1060 450 nec
1091 424 1143 451 ex
1173 424 1219 452 se
1241 411 1334 452 illud
1362 411 1525 462 creabit,
1546 413 1580 452 si
1601 412 1757 465 quidem
1779 425 1947 454 necesse

261 495 322 530 est
360 502 381 528 a
422 488 615 540 principio
656 488 751 526 oriri
789 488 929 526 omnia.
994 486 1050 527 Ita
1092 487 1154 539 fit,
1195 495 1234 529 ut
1271 493 1398 529 motus
1437 490 1669 541 principium
1709 502 1763 529 ex
1800 502 1849 530 eo
1882 485 1948 541 sit,

263 567 367 620 quod
406 567 531 617 ipsum
573 577 595 603 a
636 576 680 603 se
721 569 918 603 movetur:
959 563 998 602 id
1035 570 1163 604 autem
1194 578 1269 605 nec
1298 566 1410 605 nasci
1440 570 1589 617 potest,
1628 578 1704 606 nec
1733 568 1851 606 mori:
1881 567 1946 607 vel

263 642 447 684 concidat
476 652 591 680 omne
622 640 796 689 coelum,
837 641 1041 692 omnisque
1070 646 1207 681 natura
1239 643 1430 683 consistat
1459 654 1627 683 necesse
1657 648 1732 693 est,
1761 655 1837 683 nec
1866 645 1946 683 vim

261 722 378 762 ullam
408 720 671 767 nanciscatur,
704 729 777 769 qua
816 730 838 756 a
877 718 1003 769 primo
1033 717 1198 770 impulsa
1231 724 1445 759 moveatur.
1505 719 1629 768 Quum
1657 725 1788 772 pateat
1813 721 1944 771 igitur,

262 803 461 837 aeternum
492 794 532 833 id
563 805 676 843 esse,
719 793 823 845 qnod
854 805 899 833 se
929 795 1056 845 ipsum
1087 800 1263 845 moveat,
1304 797 1388 848 quis
1420 802 1502 846 est,
1544 799 1607 848 qui
1637 796 1739 836 hanc
1769 801 1945 836 naturam

263 876 403 915 animis
436 884 527 911 esse
558 871 739 910 tributam
769 870 918 920 neget?
960 869 1173 910 Inanimum
1205 874 1394 912 estenim
1420 885 1548 923 omne,
1580 873 1682 925 quod
1712 872 1824 925 pulsu
1854 874 1945 922 agi-

262 957 363 993 tatur
402 954 587 989 externo:
619 947 722 999 quod
763 952 891 987 autem
922 947 1064 987 animal
1095 954 1175 999 est,
1214 949 1254 990 id
1284 955 1390 990 motu
1421 952 1545 990 cietur
1573 952 1760 990 interiore
1790 955 1828 990 et
1858 962 1943 990 suo.

260 1029 359 1070 Nam
400 1027 500 1066 haec
541 1031 600 1065 est
641 1026 800 1076 propria
839 1029 974 1073 natura
1016 1027 1134 1065 animi
1171 1032 1287 1079 atque
1323 1029 1400 1067 vis.
1465 1026 1575 1075 Quae
1614 1029 1648 1067 si
1686 1031 1747 1067 est
1786 1039 1861 1066 una
1892 1039 1944 1066 ex

263 1105 456 1153 omnibus,
489 1114 589 1154 quae
620 1113 664 1141 se
696 1102 782 1152 ipsa
814 1113 971 1152 semper
1009 1107 1179 1153 moveat,
1210 1115 1337 1156 neque
1367 1109 1457 1144 nata
1487 1109 1594 1143 certe
1626 1108 1699 1154 est,
1718 1108 1760 1143 et
1783 1108 1942 1143 aeterna

261 1188 322 1224 est
337 1181 363 1202 “
424 1179 505 1232 Cap
550 1178 685 1218 XXIII.

433 1257 570 1308 Neque
600 1261 729 1294 tamen
761 1254 902 1294 Cicero
933 1257 973 1293 in
1004 1260 1167 1307 utroque
1192 1257 1281 1295 loco
1303 1256 1510 1308 quidquam
1531 1256 1653 1296 attulit
1670 1256 1719 1295 ad
1735 1258 1943 1307 persuasi-

262 1347 375 1375 onem
413 1345 522 1373 suam
554 1332 603 1371 de
634 1333 849 1370 animorum
880 1330 1167 1371 immortalitate
1198 1331 1558 1373 constabiliendum.
1617 1331 1760 1372 Verum
1790 1332 1942 1384 quidem

263 1419 336 1462 est,
368 1411 535 1450 hominis
561 1409 728 1448 animum
753 1419 908 1459 semper
937 1410 1102 1453 moveri,
1135 1410 1275 1461 quippe
1307 1410 1371 1461 qui
1401 1408 1504 1448 nulla
1527 1410 1817 1449 intermissione
1837 1408 1942 1448 facta

263 1489 368 1530 aliud
399 1500 451 1527 ex
490 1486 568 1525 alio
609 1486 758 1534 cogitet
790 1488 905 1535 atque
943 1486 1087 1537 cupiat,
1127 1491 1165 1524 et
1201 1498 1250 1525 ne
1288 1486 1479 1526 altissimo
1512 1486 1666 1538 quidem
1697 1498 1833 1526 somno
1865 1498 1943 1538 op-

261 1578 422 1620 pressus
464 1575 632 1615 unquam
670 1562 877 1610 subsistat3
929 1561 999 1601 sed
1035 1561 1149 1602 huius
1191 1568 1318 1603 motus
1357 1563 1568 1615 pincipium
1607 1564 1648 1602 in
1686 1562 1773 1615 ipso
1814 1564 1942 1603 animo

261 1646 428 1697 positum
470 1653 581 1690 esse,
630 1651 874 1692 nequaquam
912 1637 1069 1690 probari
1107 1640 1261 1690 poterit.
1329 1638 1402 1687 Qui
1439 1639 1590 1680 creavit
1626 1640 1792 1679 animum
1834 1638 1944 1689 deus,

260 1723 364 1761 idem
403 1719 634 1770 principium
672 1729 826 1768 quoque
865 1721 991 1755 motus
1023 1717 1058 1754 ei
1091 1717 1301 1755 concessit.
1359 1704 1466 1755 Idem
1496 1717 1615 1765 igitur
1644 1723 1714 1755 sua
1744 1712 1944 1754 voluntate

262 1800 346 1838 eius
386 1796 505 1836 motui
536 1794 647 1834 finem
680 1796 917 1834 constituere
947 1798 1086 1846 potest.
1147 1791 1188 1834 Si
1219 1794 1306 1846 ipse
1336 1791 1452 1833 homo
1484 1793 1602 1833 animi
1632 1793 1693 1833 sui
1724 1791 1944 1842 facultates,

262 1885 362 1926 quae
403 1872 615 1910 universae
654 1871 820 1908 animum
852 1871 976 1921 ipsum
1009 1871 1267 1919 constituunt,
1307 1881 1360 1909 ex
1389 1881 1434 1908 se
1465 1870 1699 1921 peperisset,
1730 1871 1789 1909 sui
1821 1871 1944 1921 ipsius

262 1949 442 1989 conditor
472 1947 704 1995 exstitisset,
736 1946 837 1997 quod
870 1945 952 1985 fieri
976 1948 1166 1999 potuisse,
1197 1958 1276 1986 non
1296 1945 1426 1989 ,facile
1457 1947 1659 1999 quisquam
1690 1946 1892 1986 concedet.

437 2025 474 2064 3.
536 2024 688 2075 „Quum
741 2023 909 2075 simplex
955 2025 1071 2063 animi
1116 2028 1253 2063 natura
1299 2028 1425 2072 esset,
1473 2035 1599 2075 neque
1635 2022 1798 2062 haberet
1829 2024 1869 2062 in
1902 2035 1945 2063 se

263 2117 310 2156 qu
329 2105 470 2157 dquam
507 2103 717 2142 admixtum
760 2101 894 2153 dispar
932 2102 992 2140 sui
1023 2106 1138 2153 atque
1170 2100 1382 2150 dissimile,
1423 2111 1652 2152 non-posse
1683 2112 1771 2140 eum
1802 2099 1946 2149 dividi;

263 2181 363 2233 quod
413 2183 445 2221 si
494 2193 572 2220 non
617 2182 764 2232 possit,
823 2192 901 2219 non
944 2190 1065 2230 posse
1107 2176 1306 2217 interire.“
1395 2176 1438 2217 Id
1481 2177 1635 2230 quidem
1683 2178 1821 2227 negari
1868 2188 1946 2216 non
