2053 2485
909 164 993 206 13-

264 289 517 341 Superiornm
550 290 720 339 vestigia
759 292 978 344 complures
1019 291 1085 331 alii
1123 293 1320 343 persecuti
1359 296 1457 330 sunt.
1501 288 1762 345 Sophocles,

91 378 167 418 quo
205 377 284 405 non
323 365 440 405 habet
476 364 642 405 Graecia
672 369 994 425 praestantiorem
1023 372 1197 420 poetam,
1235 373 1276 407 ut
1304 367 1406 407 hunc
1435 378 1552 406 unum
1583 377 1761 407 comme-

90 451 304 490 moremus,-
333 442 374 479 in
404 439 555 493 Oedipo
586 440 761 481 Colonen
792 443 1057 484 disertissimis
1078 443 1212 484 verbis
1243 445 1348 494 dicit,
1379 456 1458 484 non
1487 455 1609 496 posse
1628 442 1761 504 homi7

88 531 175 558 nem
207 518 413 569 quidquam
442 518 641 558 ardentius
672 531 837 570 cupere,
875 532 990 571 quam
1019 526 1060 559 nt
1089 526 1154 560 aut
1182 526 1295 560 natus
1325 532 1403 560 non
1434 521 1506 569 sit,
1547 524 1613 558 aut
1643 530 1757 570 quam

89 586 291 634 celerrime
321 604 373 632 ex
401 592 477 632 hac
505 594 586 633 vita
618 593 812 635 discedat:

306 666 364 719 μὴ
394 671 526 720 φῦναι
563 667 638 709 τὸν
664 668 838 711 ’ἅπαντα
874 685 942 712 νι-

306 748 360 796 κᾷ
389 741 524 800 λόγον·
554 744 602 786 τὸ
637 745 692 793 δ’,
722 747 805 788 ἐπεὶ
842 751 970 800 φανῇ,

304 819 434 872 βῆναι
460 821 602 861 κεῖθεν
640 820 744 862 ὅθεν
780 838 854 875 περ
882 822 930 874 ἥ-

313 912 374 937 κει
402 897 506 939 πολὺ
534 896 728 952 δεύτερον
756 891 812 945 ὥς
836 897 1024 951 τάχιστα.

302 974 400 1021 ssed.
432 975 513 1016 Col.
548 976 668 1017 1219.
700 983 772 1018 etc.
803 978 864 1018 ed.
893 976 985 1018 Lud.
1014 975 1158 1017 Heller.

254 1051 389 1103 Neque
409 1053 597 1095 ,absimile
627 1060 688 1094 est
712 1055 910 1103 iudicium,
941 1053 1045 1104 quod
1072 1055 1112 1092 in
1126 1036 1263 1093 eadem
1289 1063 1408 1091 causa
1428 1051 1594 1091 Romani
1612 1049 1751 1089 ferunt.

83 1127 162 1166 Iam
192 1134 354 1179 apparet
391 1142 441 1168 ex
477 1129 541 1169 1110
582 1142 683 1170 voce
722 1132 860 1181 „Patet
891 1127 1067 1177 0111105,Χιί
1106 1141 1206 1180 quae
1248 1129 1348 1180 apud
1389 1141 1460 1168 eos
1498 1129 1558 1189 in¹
1579 1139 1750 1179 prover-

83 1204 135 1244 bii
172 1206 488 1246 consuetudinem
522 1208 683 1248 venisse
720 1208 898 1257 videtur,
942 1217 1021 1246 non
1059 1217 1179 1258 posse
1206 1205 1405 1255 homines,
1441 1205 1505 1257 qui
1535 1209 1749 1256 temporum

82 1282 272 1331 angustiis
302 1282 554 1323 vehementer
582 1290 822 1336 premantur,
863 1283 940 1324 alio
970 1284 1025 1323 uti
1048 1282 1284 1332 adiumento,
1313 1287 1354 1321 ut
1383 1294 1436 1322 ex
1464 1283 1513 1321 iis
1545 1293 1589 1321 se
1619 1292 1748 1333 expe-

82 1358 198 1408 diant,
228 1360 305 1399 nisi
334 1361 458 1399 morte
486 1360 717 1400 voluntaria.
771 1361 1045 1412 Praeterquam
1074 1359 1337 1399 Romanorum
1368 1359 1680 1410 sapientissimos
1710 1362 1749 1395 et

79 1436 434 1485 praestantissimos
470 1438 579 1476 viros
611 1449 689 1477 non
719 1437 844 1478 solum
874 1439 1009 1478 mortis
1038 1436 1284 1476 voluntariae
1312 1437 1568 1490 patrocinium
1605 1446 1748 1485 susce-7

77 1513 207 1562 pisse,
245 1525 382 1552 verum
420 1515 535 1553 etiam
565 1526 652 1553 eam
683 1515 863 1555 maximis
891 1514 1071 1554 laudibus
1102 1512 1311 1561 extulisse,
1350 1514 1450 1551 inter
1478 1523 1614 1551 omnes
1644 1523 1747 1550 con-

78 1592 163 1627 stat.
222 1588 504 1631 Praetermisso
536 1590 741 1642 Cicerone,
773 1594 838 1645 qni
862 1592 911 1633 de
941 1591 1018 1632 hoc
1047 1603 1195 1642 genere
1224 1592 1360 1632 mortis
1391 1590 1505 1631 Tusc.
1536 1589 1564 1629 1.
1584 1586 1652 1628 47.
1675 1585 1743 1628 48.

76 1667 236 1717 copiose
273 1667 473 1720 disputans
510 1681 596 1708 cum
626 1668 703 1709 alia
734 1665 1030 1718 commemorat,
1066 1674 1145 1708 tum
1173 1667 1344 1707 fabulam
1374 1665 1564 1719 quandam
1594 1665 1643 1704 de
1673 1664 1743 1705 Si-

73 1741 182 1792 leno,
222 1745 285 1794 qui
323 1756 436 1795 quum
473 1757 495 1783 a
525 1744 796 1798 Mida-captus
820 1751 946 1795 esset,
975 1744 1120 1785 1100»οἰ
1149 1746 1320 1785 muneris
1351 1756 1421 1796 pro
1452 1755 1521 1783 sna
1552 1744 1741 1783 missione

18 1822 25 1825 “
74 1817 267 1871 dedisset,
282 1858 285 1862 ,
301 1825 342 1860 ut
379 1821 540 1862 doceret
567 1833 727 1874 regem,
765 1834 844 1863 non
883 1823 994 1863 nasci
1030 1821 1224 1861 hominem
1259 1821 1379 1871 longe
1416 1820 1597 1872 optimum
1635 1830 1741 1869 esse,

71 1898 288 1946 proximum
318 1903 460 1948 autem,
482 1911 604 1951 quam
633 1901 796 1952 primum
826 1900 939 1948 mori,
968 1899 1245 1950 praetermisso
1271 1899 1391 1947 igitur
1419 1895 1610 1936 Cicerone
1639 1907 1741 1947 pos-

55 1968 201 2014 sumus
247 1974 407 2015 laudare
447 1974 653 2028 Senecam,
698 1989 794 2018 suae
833 1978 973 2017 aetatis
1012 1974 1130 2016 facile
1160 1975 1460 2017 eruditissimum
1488 1974 1636 2024 virum,
1675 1973 1739 2026 qui

70 2061 129 2101 ep.
161 2049 227 2090 70.
259 2065 346 2092 cum
376 2052 453 2093 alia
483 2052 558 2093 hac
589 2066 706 2107 super
735 2066 779 2094 re
809 2053 958 2104 scribit,
986 2058 1065 2093 tum
1096 2052 1213 2093 haec:
1249 2053 1463 2103 „Invenies
1494 2052 1611 2091 etiam
1640 2062 1740 2103 pro-

69 2125 199 2169 fessos
230 2132 474 2182 sapientiam,
505 2133 569 2184 qui
599 2133 679 2172 vim
709 2131 944 2172 afferendam
972 2131 1080 2171 vitae
1110 2142 1207 2171 suae
1237 2134 1396 2190 negent,
1425 2134 1465 2169 et
1488 2127 1602 2170 nefas
1631 2128 1739 2168 iudi-

69 2209 156 2243 cent
194 2206 320 2258 ipsnm
357 2209 669 2260 interemptorem
709 2209 768 2248 sui
807 2206 917 2258 fieri3
969 2207 1275 2260 exspectandum
1305 2218 1397 2247 esse
1435 2208 1594 2256 exitum,
1625 2217 1738 2258 quem
