2053 2485
1121 138 1176 179 14

304 268 441 303 natura
477 263 666 302 decrevit.
733 261 817 301 Hoc
856 262 922 313 qui
961 261 1074 313 dicit,
1109 274 1188 302 non
1223 262 1332 302 videt
1365 273 1410 301 se
1441 261 1610 302 libertati
1645 264 1750 303 viam
1787 263 1982 306 claudere.

302 338 366 378 Nil
395 339 534 378 melius
564 343 726 377 aeterna
755 338 823 376 lex
852 336 960 387 fecit,
991 350 1106 390 quam
1136 338 1240 391 quod
1269 349 1386 377 unum
1415 339 1612 378 introitum
1639 337 1754 380 nobis
1785 339 1836 379 ad
1862 340 1983 379 vitam
2023 376 2030 385 ,

305 416 426 465 dedit,
458 416 587 455 exitus
617 414 774 453 multos.
819 413 907 464 Ego
939 419 1167 466 exspectem
1195 414 1262 454 vel
1291 413 1416 455 morbi
1447 413 1729 465 crudelitatem,
1757 416 1824 456 vel
1852 415 1984 456 homi-

304 493 380 542 nis,
413 503 502 531 cum
532 492 683 544 possim
713 502 785 543 per
814 489 942 530 media
970 491 1083 530 exire
1111 495 1316 539 tormenta,
1353 495 1394 530 et
1423 490 1591 530 adversa
1622 490 1849 532 discutere?
1899 491 1983 531 Hoc

305 573 366 608 est
392 580 523 617 unum,
555 567 658 619 qnod
690 567 739 606 de
767 568 847 605 vitu
877 578 955 606 non
985 568 1182 618 possimus
1214 567 1346 619 queri,
1376 567 1569 606 neminem
1599 565 1746 608 tenet.“

478 643 587 683 Haec
616 643 809 683 luculenta
835 643 1056 683 testimonia
1087 645 1250 696 eiusque
1280 643 1439 693 generis
1470 642 1677 696 quamlibet
1706 644 1844 694 multa,
1884 656 1983 696 quae

306 734 359 761 ex
394 722 561 773 antiquus
601 719 856 773 scriptoribus
888 719 1018 759 afferri
1048 725 1231 772 possunt,
1278 719 1444 760 eandem
1473 719 1625 760 illorum
1657 720 1706 760 de
1733 721 1876 760 misera
1907 720 1985 760 hu-

305 809 506 838 manarum
543 808 672 836 rerum
710 796 934 835 conditione
973 795 1096 836 fuisse
1127 797 1379 846 sententiam,
1418 798 1516 837 satis
1547 809 1741 849 superque
1771 797 1982 838 declarant.

307 874 403 922 Quis
438 875 558 923 igitur
589 878 733 912 tantum
772 884 906 912 eorum
945 884 1179 913 consensum
1210 885 1280 925 pro
1311 871 1431 912 nihilo
1448 878 1599 925 -putare
1629 874 1787 914 audeat!
1846 873 1984 913 Fuisse

307 951 463 1004 quidem
492 952 592 990 inter
622 951 824 1002 antiquos,
856 951 920 1001 qui
948 950 1000 990 de
1030 948 1105 989 hac
1134 961 1178 989 re
1195 945 1287 989 ‘non
1315 949 1418 988 idem
1449 951 1595 989 sentire
1623 950 1860 1000 viderentur,
1891 951 1986 990 nihil

306 1039 539 1081 pugnamus.
599 1025 678 1067 Sed
718 1027 756 1065 bi
794 1027 979 1067 audiendi
1009 1038 1087 1066 non
1118 1032 1216 1067 sunt.
1273 1026 1468 1084 Quotquot
1498 1029 1601 1068 euim
1631 1033 1697 1067 aut
1725 1029 1766 1067 in
1794 1028 1881 1067 luce
1908 1040 1985 1080 pu-

305 1104 413 1145 blica
443 1104 627 1165 collocati
659 1105 943 1153 auctoritatem,
974 1105 1186 1155 potentiam
1217 1109 1256 1143 et
1286 1103 1456 1147 honores
1482 1115 1531 1143 eo
1551 1105 1669 1144 animi
1687 1104 1829 1144 ardore
1851 1110 1986 1147 secta-

306 1181 465 1231 bantur,
494 1186 536 1220 ut
565 1181 817 1233 cupiditatum
848 1191 1004 1221 suarum
1034 1185 1146 1221 aestu
1176 1192 1338 1232 prorsus
1370 1193 1414 1221 se
1438 1180 1564 1233 abripi
1594 1182 1780 1232 sinerent,
1812 1187 1878 1221 aut
1907 1182 1985 1223 illis

305 1258 593 1310 voluptatibus,
626 1270 727 1310 quae
766 1269 933 1310 corpore
962 1258 1249 1310 percipiuntur,
1284 1259 1337 1297 ita
1368 1270 1412 1298 se
1434 1257 1691 1309 tradiderant,
1716 1243 1767 1298 ἱιἰῐ
1792 1270 1983 1311 nunquam

306 1336 393 1376 fere
429 1335 482 1375 ad
518 1347 563 1375 se
593 1336 704 1387 ipsos
740 1335 935 1384 redirent,
973 1334 1029 1374 illi
1058 1346 1172 1386 quum
1201 1336 1272 1374 vix
1301 1335 1418 1375 ullum
1449 1337 1614 1388 spatium
1645 1336 1695 1375 ad
1725 1332 1990 1376 meditandum

309 1412 357 1451 de
396 1412 643 1461 gravissimis
680 1411 857 1452 humanis
898 1410 1015 1450 rebus
1054 1411 1130 1451 sibi
1167 1411 1437 1463 reliquissent,
1473 1410 1591 1469 facile
1622 1412 1671 1451 de
1700 1413 1750 1452 iis
1781 1424 1985 1466 perperam

306 1488 484 1528 iudicare
519 1493 709 1539 poterant.
775 1483 828 1527 At
855 1494 896 1527 ut
927 1489 1089 1539 quisque
1118 1489 1280 1537 ingenio
1311 1493 1350 1526 et
1377 1483 1519 1526 virtute
1548 1490 1719 1528 maxime
1747 1490 1985 1542 praestabat,

306 1566 359 1604 ita
388 1563 576 1605 facillime
607 1570 646 1603 et
675 1564 940 1616 perspiciebat
966 1569 1005 1603 et
1033 1563 1244 1613 iudicabat,
1273 1565 1392 1604 vitam
1422 1564 1642 1616 humanam,
1671 1566 1800 1607 multis
1827 1569 1986 1607 aerum—

307 1642 369 1680 nis
400 1641 595 1693 oppletam
626 1642 994 1692 angustissimisque
1024 1639 1163 1680 finibus
1194 1642 1538 1693 circumscriptam,
1568 1641 1708 1683 nullius
1738 1644 1852 1695 pretii
1882 1655 1984 1684 esse.
