2053 2485
904 156 954 196 U

91 285 372 340 probabilitatis
402 281 615 332 habentes,
647 282 717 322 sed
746 279 940 323 invalidas
971 282 1058 322 illas
1089 282 1256 335 quidem,
1282 283 1452 322 maxima
1483 281 1650 322 subinde
1680 295 1771 322 mo-

90 374 173 403 rum
204 358 423 411 corruptela
454 363 592 397 exorta
608 363 694 398 est.
752 357 813 398 Eo
842 370 908 399 res
933 359 1100 411 denique
1123 359 1310 411 adducta,
1350 364 1391 399 ut
1420 370 1552 400 mores
1583 360 1770 412 antiquo-

89 422 173 479 rum
202 439 372 477 maxime
394 441 537 476 *essent
566 437 838 485 contaminati,
869 447 983 487 quum
1012 437 1089 487 ipsi
1120 443 1306 475 summum
1337 436 1500 485 gradum
1531 438 1671 490 artium
1700 437 1770 475 lit—

90 521 335 567 terarumque
363 511 553 552 bonarum
583 511 867 553 ascendissent.
909 511 952 552 Id
975 512 1137 565 quidem
1166 511 1403 552 infitiandum
1433 523 1512 553 non
1542 519 1616 563 est,
1646 525 1770 566 repe-

80 571 158 631 riri
196 593 236 630 in
271 589 351 630 illis
384 589 451 629 vel
486 594 589 638 tum,
625 601 739 641 quum
776 594 887 629 aetas
923 591 1218 642 corruptissima
1256 594 1384 639 esset,
1425 591 1570 630 eximia
1600 590 1769 642 quadam

89 671 230 708 virtute
259 670 506 719 praestantes
535 667 667 715 viros,
699 666 768 706 sed
799 665 872 706 hos
903 672 941 705 et
963 669 1230 719 paucissimos
1261 667 1400 716 fuisse,
1431 673 1470 706 et
1499 668 1647 707 idcirco
1677 680 1768 707 ma-

90 747 194 785 xime
225 744 398 784 eluxisse
427 744 575 793 videri,
593 743 711 795 quod
741 755 875 783 eorum
903 744 1026 792 virtus
1058 758 1080 784 a
1112 758 1222 785 suae.
1239 746 1378 784 aetatis
1407 746 1516 785 vitiis
1545 745 1660 797 plane
1691 745 1768 786 ab-

90 823 287 872 horreret,
327 833 442 861 nemo
483 826 590 861 certe
620 822 795 871 ignorat,
832 817 907 861 nisi
938 823 1002 873 qui
1032 823 1157 874 ipsam
1184 824 1449 875 antiquitatem
1480 825 1646 873 ignoret.
1705 822 1768 862 Ex

59 917 61 919 ·
90 900 165 939 hoc
195 901 365 938 maxime
395 910 485 937 raro
517 895 722 958 hominum>⁴
743 908 890 947 genere
920 898 1094 937 iudicare
1126 899 1310 940 debemus
1342 912 1457 950 eum,·
1481 900 1529 939 de
1560 912 1636 951 quo
1666 912 1767 939 nunc

89 979 213 1028 ipsum
253 977 428 1026 agimus,
465 974 515 1015 Μ.
552 973 716 1014 Tullium
749 973 1003 1025 Ciceronem,
1044 977 1106 1014 cui
1135 977 1322 1028 imprimis
1354 978 1583 1027 contigerit,
1620 982 1661 1016 ut
1690 989 1768 1016 non

91 1053 214 1092 solum
258 1051 335 1093 illis
381 1052 595 1092 sceleribus
633 1064 764 1091 mores
806 1063 899 1092 suos
936 1053 1182 1105 incorrputos
1222 1059 1413 1104 servaret,
1454 1053 1591 1106 quibus
1630 1066 1766 1094 omnes

90 1129 174 1168 fere
212 1131 296 1169 eius
324 1129 512 1181 ‘aequales
551 1134 684 1168 essent
721 1129 919 1177 adstricti,
957 1131 1122 1169 avaritia
1160 1135 1275 1181 atque
1314 1142 1437 1182 prava
1472 1129 1656 1179 libidine,
1695 1131 1766 1170 sed

90 1208 206 1245 etiam
240 1207 280 1245 in
315 1217 545 1257 unaquaque
575 1206 682 1244 vitae
712 1205 934 1244 conditione
965 1217 1113 1245 morum
1142 1208 1404 1256 integritatem
1435 1213 1473 1246 et
1502 1208 1766 1247 innocentiam

89 1266 316 1336 praestaret.

258 1359 411 1412 Deinde
452 1362 515 1412 qui
554 1361 697 1412 poterit
725 1360 805 1399 vita
833 1360 1002 1400 iucunda
1033 1373 1080 1400 ac
1109 1360 1225 1400 beata
1257 1373 1349 1401 esse
1380 1362 1439 1411 ei,
1478 1362 1543 1413 qui
1573 1360 1621 1399 de
1651 1363 1767 1400 animi

86 1440 146 1477 sui
177 1437 464 1493 immortalitate
496 1437 672 1477 dubitet?
729 1436 786 1476 Ita
816 1442 890 1479 no's
919 1438 1097 1479 homines
1129 1442 1306 1489 generati
1337 1438 1493 1490 sumus,
1513 1443 1569 1478 ut*
1584 1451 1663 1478 non
1695 1452 1768 1479 so-

84 1516 161 1554 lum
192 1528 302 1566 eam,
334 1516 382 1555 de
414 1528 488 1568 qua
519 1516 708 1565 diximus,
737 1516 918 1555 virtutem
950 1522 988 1556 et
1017 1517 1261 1557 honestatem
1293 1515 1521 1565 diligamus,
1547 1516 1617 1555 sed
1649 1517 1767 1556 etiam

85 1591 304 1632 incredibili
343 1592 509 1644 quadam
548 1591 751 1632 felicitatis
790 1592 1001 1644 cupiditate
1038 1593 1246 1633 trahamur.
1308 1592 1430 1640 Quam
1461 1593 1495 1633 si
1526 1594 1590 1645 qui
1620 1593 1767 1633 existi--

85 1675 189 1708 mant
227 1666 350 1721 posse=
386 1671 425 1708 in
464 1669 539 1708 hac
577 1671 658 1709 vita
699 1668 864 1720 expleri,
902 1682 973 1710 eos
1013 1673 1183 1710 maximo
1222 1682 1357 1708 errore
1397 1669 1485 1707 duci
1523 1670 1613 1720 ipsa
1635 1666 1765 1708 rerum

87 1748 328 1799 experientia
367 1747 492 1787 docet.
553 1746 716 1787 Animus
746 1745 935 1787 humanus
967 1747 1154 1800 capacior
1183 1752 1259 1796 cst,
1300 1758 1413 1798 quam
1444 1746 1508 1797 qui
1538 1744 1655 1784 rebus
1687 1757 1766 1784 ex-

85 1825 206 1863 ternis
238 1829 276 1863 et
306 1824 355 1863 ad
387 1836 529 1876 corpus
560 1823 841 1876 pertinentibus
872 1825 1008 1864 satiari
1039 1829 1163 1877 queat.
1222 1822 1306 1863 Una
1336 1825 1475 1873 virtus,
1495 1822 1620 1862 'nullis
1653 1827 1765 1874 septa

85 1894 294 1952 terminis,
314 1914 400 1941 eum
431 1901 615 1954 explere,
647 1913 773 1953 eaque
802 1903 930 1941 om'nia
958 1885 1110 1942 abunde
1141 1903 1178 1941 ei
1210 1901 1460 1953 suppeditare
1489 1905 1632 1953 potest,
1665 1912 1766 1952 quae

86 1978 136 2033 ad
172 1980 292 2018 vitam
326 1978 481 2018 beatam
510 1979 714 2030 pertinent.
776 1977 969 2025 Quocirca
1001 1981 1088 2031 qui,
1149 1985 1280 2032 spreta
1308 1982 1471 2028 virtute,
1512 1991 1628 2018 unam
1658 1980 1766 2017 vitae

86 2055 362 2096 iucunditatem
403 2062 613 2106 sectantur,
660 2058 688 2095 ii
726 2061 870 2095 tantum
911 2055 1042 2106 abest,
1079 2062 1120 2096 ut
1147 2058 1231 2097 voti
1271 2058 1330 2096 sui
1364 2068 1531 2107 unquam
1562 2061 1764 2107 compotes

86 2130 188 2183 fiant,
223 2138 264 2172 ut
294 2139 439 2174 sortem
470 2134 674 2173 humanam
704 2134 886 2172 miseram
917 2145 964 2172 ac
996 2129 1262 2173 detestabilem
1293 2144 1383 2189 esse
1415 2130 1620 2172 fateantur.
1681 2131 1766 2170 Hoc

86 2210 210 2261 ipsum
261 2213 518 2264 antiquissimi
557 2211 711 2264 populi,
746 2211 983 2263 praesentim
1024 2209 1165 2250 Graeci
1205 2214 1406 2250 testantur.
1485 2207 1568 2304 ng
1611 2208 1764 2261 quidem
