2053 2485
894 114 921 155 7

74 250 215 300 potest,
251 248 431 284 naturam
475 241 637 282 humani
676 243 794 282 animi
833 242 1048 296 simplicem
1081 253 1187 293 esse,
1226 253 1354 294 neque
1394 243 1434 281 in
1473 253 1518 281 se
1549 241 1757 293 quidquam

75 323 222 364 habere
269 319 475 360 admistum
521 318 656 372 dispar
703 320 763 360 sui
800 324 916 372 atque
949 319 1162 374 dissimile,
1219 331 1332 372 quum
1368 321 1447 359 'una
1487 317 1758 369 cognoscendi

77 406 117 443 et
161 395 369 452 appetendi
416 397 458 436 vi
504 397 761 436 contineatur.
835 394 972 449 Neque
1016 402 1147 438 tamen
1195 397 1286 437 inde
1328 398 1557 438 necessaria
1608 407 1758 436 conse-

79 478 235 518 cutione
278 472 468 523 efficitur,
520 474 689 512 animum
733 474 787 512 ita
830 475 1076 515 constitutum
1112 486 1199 514 non¹
1227 487 1348 527 posse
1383 476 1554 514 interire.
1632 472 1757 514 Huius

80 550 428 604 argumentationis
471 550 536 590 vis
584 561 606 589 a
651 551 944 602 comparatione
985 553 1101 591 animi
1146 563 1232 592 cum
1272 563 1463 604 corporea
1502 551 1668 604 quadem
1698 563 1758 600 re,

81 641 181 682 quae
212 627 335 667 dividi
363 638 443 666 non
471 631 614 678 potest,
644 627 764 678 petita
793 638 885 667 esse
913 628 1078 667 videtur.
1139 626 1218 669 Sed
1249 628 1460 668 adhibitam
1489 629 1759 680 comparatio-

81 717 170 747 nem
204 704 270 744 hic
308 703 453 743 nullum
489 702 619 743 locum
648 702 809 754 habere,
837 703 926 744 luce
946 704 1100 747 clarius
1125 702 1190 747 'est
1260 705 1394 747 Omnis
1423 708 1600 756 materia,
1630 717 1759 758 quan-

82 788 160 822 tum
191 781 434 833 experientia
467 780 571 819 docti
601 781 767 830 scimus,
807 781 884 831 nisi
914 781 1036 821 dividi
1066 795 1114 822 ac
1145 784 1322 834 separari
1350 788 1494 835 potest,
1523 794 1603 821 non
1631 786 1761 834 potest

84 858 297 908 exstingui,
333 869 424 896 nam
456 857 667 897 exstinctio
698 857 783 896 eius
813 868 862 897 eo
892 862 1038 898 tantum
1066 858 1276 912 perficitur,
1303 865 1348 900 ut
1375 861 1416 899 in
1444 864 1592 912 partes,
1622 858 1761 911 quibus

85 935 303 988 composita
337 935 411 984 sit,
453 932 701 974 dissolvatur.
733 959 736 962 -
761 931 843 974 Sed
871 935 1039 975 animum
1065 935 1285 987 humanum,
1316 938 1381 990 qui
1410 936 1553 977 nullam
1582 937 1761 989 corporis

86 1013 315 1053 societatem
343 1010 501 1061 habeat,
538 1011 664 1051 omnis
694 1009 794 1061 fugit
822 1013 945 1062 notio,
976 1024 1090 1065 qnam
1120 1014 1169 1054 de
1199 1016 1362 1055 materia
1393 1014 1574 1055 sensibus
1605 1013 1760 1054 obiecta

87 1093 316 1142 conceptam
352 1087 551 1127 hahemus.
618 1086 723 1127 Inter
759 1092 959 1141 utrumque
994 1089 1050 1129 nil
1088 1102 1291 1130 commune
1321 1091 1536 1131 intercedit.
1594 1090 1759 1131 Animus

88 1166 273 1220 spiritalis
312 1170 394 1215 est,
431 1170 472 1204 ut
508 1164 584 1203 hoc
612 1163 736 1203 verbo
775 1168 884 1215 utar,
922 1168 1086 1206 materia
1122 1179 1328 1219 corporea.
1361 1189 1411 1195 —
1460 1167 1541 1209 Sed
1564 1167 1665 1207 haec
1692 1179 1759 1208 res

87 1249 166 1286 tam
203 1248 338 1295 aperta
377 1247 457 1291 est,
502 1247 544 1280 ut
578 1240 752 1293 pluribus
781 1240 916 1281 verbis
952 1254 1039 1282 eam
1079 1245 1285 1293 exagitare
1319 1243 1417 1283 nihil
1453 1256 1551 1296 opus
1589 1246 1652 1284 sit.
1716 1244 1760 1284 Id

84 1332 200 1360 unum
236 1319 448 1360 admonere
486 1329 566 1357 non
598 1316 647 1357 ab
686 1328 731 1355 re
770 1314 909 1367 fuerit,
947 1320 1149 1360 exstitisse
1187 1320 1265 1359 iam
1295 1321 1575 1372 antiquissimis
1604 1325 1762 1373 tempo-

83 1397 215 1447 ribus,
252 1398 317 1449 qui
356 1407 436 1435 non
465 1394 592 1435 solum
622 1395 750 1433 animo
780 1392 969 1445 hominis,
1004 1408 1140 1436 verum
1170 1397 1287 1436 etiam
1317 1398 1394 1449 ipsi
1424 1396 1499 1436 deo
1530 1408 1762 1449 corpoream

85 1479 262 1514 naturam
297 1472 558 1521 vindicarent,
597 1483 645 1511 ea
686 1471 872 1523 opinione
911 1472 1123 1525 adductos,
1158 1480 1200 1515 ut
1227 1474 1312 1515 fieri
1334 1487 1413 1515 non
1441 1486 1561 1527 posse
1590 1474 1763 1515 arbitra-

83 1556 239 1602 rentur,
276 1555 319 1591 ut
356 1551 443 1603 quis
475 1548 650 1602 spiritale
680 1547 886 1601 quidquam
916 1551 1045 1591 animo
1070 1552 1310 1605 conciperet,
1338 1552 1454 1605 idque
1484 1563 1575 1593 esse
1603 1551 1763 1592 iudica-

83 1633 156 1679 ret,
194 1629 271 1669 nisi
308 1639 476 1680 corpore
516 1628 591 1668 etsi
620 1626 849 1667 tenuissimo
880 1632 988 1667 esset
1009 1627 1195 1670 indutum.
1254 1628 1307 1669 At
1334 1640 1539 1682 perperam
1567 1627 1624 1668 illi
1653 1628 1762 1669 iudi-

85 1710 231 1745 carunt.
299 1704 418 1744 Aliud
459 1706 562 1744 enim
593 1709 673 1754 est,
703 1705 832 1745 animo
861 1702 1011 1754 fingere
1032 1704 1212 1758 raliquid,
1251 1705 1354 1745 aliud
1383 1711 1510 1753 mente
1541 1710 1580 1745 et
1606 1707 1761 1746 ratione

85 1783 284 1836 consequi.
342 1781 428 1823 Hoc
456 1787 693 1836 postremum
721 1781 890 1835 pertinet
919 1780 969 1822 ad
997 1793 1063 1823 res
1092 1781 1209 1835 plane
1239 1782 1459 1836 spiritales;
1489 1794 1590 1836 qnae
1618 1794 1760 1824 revera

86 1865 186 1909 sunt,
216 1861 251 1901 si
281 1858 481 1900 sufficiens
515 1842 650 1910 causa,
682 1871 752 1898 cur
773 1860 862 1909 sint,
892 1860 1082 1909 cogitanti
1112 1860 1242 1899 animo
1271 1860 1549 1912 suppeditatur.

258 1935 299 1978 4.
359 1936 611 1990 „Magnoque
655 1948 759 1978 esse.
797 1941 1048 1987 argumento,
1084 1935 1265 1977 homines
1300 1938 1403 1977 scire
1437 1937 1626 1990 pleraque
1657 1942 1760 1988 ante,

85 2024 199 2065 quam
228 2015 310 2054 nati
341 2015 431 2065 sint,
462 2014 566 2068 quod
594 2015 672 2055 iam
694 2015 826 2066 pueri,
856 2025 971 2067 quum
1000 2017 1105 2055 artes
1137 2012 1316 2054 difficiles
1347 2013 1512 2064 discant,
1533 2015 1589 2054 ita
1614 2013 1762 2054 celeri-

84 2094 145 2129 ter
172 2102 239 2134 res
269 2092 574 2135 innumerabiles
605 2093 810 2145 arripiant,
848 2096 891 2132 ut
919 2103 990 2133 eas
1018 2103 1100 2132 non
1127 2096 1208 2133 tum
1235 2092 1398 2145 primum
1428 2093 1614 2145 accipere
1640 2091 1762 2133 vide-

85 2172 239 2220 anturs'
256 2170 329 2211 sed
366 2172 566 2212 reminisci
605 2176 644 2211 et
681 2167 925 2211 recordari.“
992 2168 1130 2211 Hiram
1164 2171 1283 2221 igitur
1316 2171 1467 2221 ingenii
1505 2171 1760 2222 celeritatem,
