2053 2485
101 832 312 895 Gravitate
343 844 620 894 sententiarum
650 859 689 893 et
719 854 914 904 elegantia
944 856 1137 894 sermonis
1167 855 1325 895 excellit
1354 854 1454 893 liber
1470 853 1689 905 Ciceronis,
1711 857 1776 908 qui

101 936 161 977 est
190 931 550 982 inscriptusycato
582 933 750 969 maior.
799 931 884 982 lpse
909 936 1057 980 auctor,
1087 933 1165 969 iam
1183 937 1323 974 ‚aetate
1356 932 1452 969 satis
1481 937 1705 981 provectus,
1736 934 1776 972 in

98 1006 175 1046 hoc
213 1006 344 1047 libello
384 1007 433 1046 de
469 1012 669 1047 senectute
702 1007 871 1058 loquitur
907 1012 945 1045 et
983 1009 1044 1047 sui
1085 1008 1316 1048 consolandi
1355 1020 1474 1048 causa
1515 1013 1554 1047 et
1583 1010 1699 1048 amici
1731 1009 1774 1048 T.

97 1083 301 1136 Pomponii
322 1084 457 1133 Attici,
488 1084 808 1136 quemadmodum
838 1085 879 1122 in
909 1086 1112 1135 prooemio
1143 1084 1192 1124 ad
1223 1084 1327 1123 illum
1359 1084 1465 1133 dicit,
1485 1090 1524 1123 et
1539 1085 1592 1124 ita
1618 1086 1773 1137 quidem

97 1160 286 1212 loquitur,
327 1166 368 1200 ut
403 1173 481 1200 non
517 1160 636 1200 facile
673 1162 875 1212 quisquam
914 1159 963 1199 ab
995 1162 1080 1200 eius
1109 1160 1281 1200 lectione
1310 1161 1491 1211 recedat,
1528 1164 1618 1214 quin
1651 1165 1781 1203 animo

97 1236 249 1277 levatus
276 1250 323 1276 ac
352 1242 553 1277 recreatus
572 1236 702 1276 fuerit.
750 1234 909 1275 Summo
933 1237 1018 1275 iure
1042 1236 1091 1275 de
1113 1248 1162 1275 eo
1184 1237 1262 1276 dici
1279 1242 1422 1288 potest,
1446 1238 1551 1289 quod
1574 1238 1779 1290 Erasmus,

96 1314 438 1363 ingeniosissimus
476 1312 543 1353 ille
576 1318 626 1368 et.
652 1312 937 1352 eruditissimus
968 1313 1050 1363 vir,
1099 1313 1162 1352 de*
1185 1315 1341 1366 scriptis
1373 1312 1577 1355 Ciceronis
1609 1326 1784 1365 genera-

98 1391 165 1428 tim
197 1370 317 1441 atque‘
350 1391 536 1446 universe
574 1389 711 1429 scribit
731 1391 771 1428 in
797 1389 963 1441 epistola
984 1390 1035 1428 ad
1051 1390 1242 1430 Jonnnem
1264 1390 1496 1441 matteum,
1529 1393 1640 1431 cuius
1660 1392 1782 1431 verba

99 1466 199 1506 haec
236 1472 343 1507 sunt:
401 1466 526 1517 „Quis
566 1471 695 1507 nutem
733 1467 870 1507 sumsit
898 1465 1117 1507 huiusmodi
1145 1446 1269 1507 liliros
1299 1469 1338 1507 in
1369 1478 1536 1518 manum,
1569 1470 1661 1520 quin
1690 1481 1783 1509 sur-

99 1544 247 1582 rexerit
284 1544 413 1583 unimo
451 1543 679 1584 sedatiore?
751 1543 846 1591 Quis
882 1547 961 1582 tam
990 1545 1162 1583 accessit
1190 1555 1395 1594 moerens,
1434 1545 1499 1597 qui
1529 1556 1608 1584 non
1640 1544 1782 1585 abierit

100 1619 289 1659 hilarior?
356 1619 448 1659 Geri
473 1621 648 1670 videtur,
680 1622 783 1672 quod
812 1621 935 1670 legis,
969 1632 1044 1659 uec
1074 1633 1190 1661 secus
1221 1621 1328 1661 afflat
1357 1624 1525 1661 animum
1553 1627 1659 1662 tuum
1689 1626 1781 1675 qui-

102 1697 189 1737 dam
230 1699 420 1738 orationis
458 1692 782 1749 ἐνθουσιασμός,
820 1709 934 1749 quam
964 1698 998 1737 si
1029 1708 1081 1736 ex
1109 1698 1204 1738 vivo
1234 1699 1357 1750 ipsius
1375 1703 1537 1751 pectore
1557 1711 1606 1739 nc
1623 1698 1780 1741 felicis-

102 1776 200 1814 simo
231 1775 298 1814 illo
328 1787 398 1833 ore
428 1779 646 1814 manantem
677 1772 876 1814 audires.“
933 1773 1101 1813 Primum
1131 1772 1271 1814 Cicero
1301 1777 1413 1815 varia
1444 1782 1670 1826 argumenta
1701 1789 1780 1817 ex-

100 1854 222 1904 ponit,
254 1864 355 1905 quae
385 1847 464 1892 non
496 1851 620 1892 solum
650 1850 904 1900 tolerabilem,
933 1862 1069 1890 verum
1093 1853 1208 1891 etiam
1227 1852 1436 1893 iucundam
1453 1858 1695 1895 senectutem
1713 1854 1780 1894 ef·-

53 1935 67 1947 ·
100 1928 245 1978 ficiunt,
276 1929 418 1981 deinde
448 1929 498 1967 ad
529 1940 613 1978 eas,
644 1940 741 1979 quas
773 1939 818 1967 se
839 1929 1038 1978 reperisse
1069 1928 1177 1978 dicit,
1209 1942 1352 1970 causas
1382 1931 1634 1983 inquirendus
1656 1943 1780 1971 ucce-

102 2004 178 2054 dit,
215 2017 285 2044 cur
313 2007 457 2045 misera
487 2009 669 2045 senectus
697 2003 901 2055 videatur,
932 2016 1143 2057 earumque
1180 2018 1384 2047 causarum
1420 2013 1562 2059 quanta
1588 2020 1778 2061 quamque
1829 2045 1833 2048 .

102 2081 154 2121 sit
180 2082 282 2137 iustu
311 2092 582 2134 unaquaeque,
624 2080 774 2133 reliquo
804 2091 987 2120 sermone
1006 2084 1266 2135 persequitur.
1308 2083 1510 2125 Postrema
1525 2084 1661 2125 harum
1677 2098 1778 2126 cau-

103 2170 233 2198 sarum
263 2158 362 2199 haec
393 2164 466 2209 est,
497 2164 736 2199 senectutem
765 2157 868 2198 haud
897 2158 1036 2211 procul
1065 2159 1208 2202 abesse
1238 2174 1260 2200 a
1291 2166 1425 2201 morte.
1486 2161 1530 2202 In
1560 2175 1635 2242 «iun
1664 2162 1778 2203 refu-

1548 2228 1566 2263 1
