2053 2485
1094 132 1125 172 4

264 255 381 294 tanda
413 266 528 307 quum
558 266 728 295 necesse
757 254 950 305 habuerit,
987 268 1074 296 eam
1105 263 1251 297 sortem
1274 269 1594 308 commemorare,
1625 271 1725 311 quae
1755 260 1949 300 hominem

263 337 353 384 post
381 337 544 371 mortem
574 337 744 381 maneat,
775 333 1053 382 gravissimum
1081 333 1175 374 illud
1206 340 1321 388 caput
1351 334 1401 374 de
1430 336 1646 376 animorum
1663 337 1949 377 immortalitate

264 421 481 461 aggressus
502 410 637 449 varias
668 409 843 449 rationes
874 408 999 460 affert,
1031 409 1170 462 quihus
1202 417 1241 451 et
1271 411 1345 452 sibi
1377 417 1416 451 et
1444 411 1532 452 aliis
1563 414 1714 454 animos
1745 416 1949 455 immorta-

262 487 322 526 les
354 497 445 526 esse
475 485 717 537 persuadere
748 488 890 538 cupiat.
953 485 1098 534 Quales
1120 487 1211 528 illae
1242 490 1323 529 sint
1347 495 1386 529 et
1416 495 1594 542 quantum
1624 491 1804 541 singulae
1834 492 1948 531 vale-

263 570 341 613 ant,
372 564 447 603 hac
478 565 806 603 commentatione
837 565 1113 615 exponendum
1143 565 1235 607 mihi
1265 569 1464 618 proposui.

438 639 643 680 Ciceronis
682 639 803 679 verba
842 652 894 679 ex
934 642 1062 692 capite
1099 641 1187 681 XXI
1230 647 1334 681 sunt:
1403 642 1533 693 „Quid
1563 644 1707 683 multa?
1766 646 1825 684 sic
1855 621 1964 684 mihi·

262 720 464 770 persuasi,
507 720 565 757 sic
605 720 750 758 sentio:
800 730 912 769 quum
944 723 1049 756 tanta
1072 717 1261 771 ‘celeritas
1293 720 1508 758 animorum
1533 721 1596 768 sit,
1627 704 1729 759 tanta
1760 723 1946 772 memoria

261 796 557 847 praeteritorum
589 794 880 846 futurorumque
900 793 1118 845 prudentia,
1149 799 1206 833 tot
1234 799 1340 834 artes
1359 800 1491 834 tantae
1522 792 1769 845 scientiae*),
1799 801 1855 835 tot
1880 799 1946 836 in-

260 878 396 920 venta,
434 883 512 910 non
543 883 664 922 posse
696 883 782 910 eam
812 876 1003 919 naturam,
1035 883 1135 922 quae
1164 882 1230 911 res
1262 883 1331 911 eas
1362 873 1574 922 contineat,
1606 859 1697 914 esse
1728 873 1945 913 mortalem:

263 961 454 1001 quumque
494 960 651 1000 semper
680 949 850 998 agitetur
889 947 1040 987 animus
1070 958 1145 986 nec
1175 948 1408 999 principium
1430 953 1556 989 motus
1587 948 1751 998 habeat,
1787 951 1877 1001 quia
1901 960 1946 989 se
2005 999 2007 1001 ι

260 1028 347 1077 ipse
378 1030 554 1063 moveat:
592 1036 642 1062 ne
672 1023 786 1062 finem
817 1023 970 1074 quidem
1000 1023 1217 1062 habiturum
1248 1036 1340 1064 esse
1368 1029 1519 1074 motus,
1557 1027 1646 1076 quia
1677 1037 1870 1077 nunqnam
1899 1038 1945 1065 se

260 1105 345 1154 ipse
382 1103 431 1142 sit
456 1101 698 1141 relicturus:
736 1107 787 1150 et,
820 1113 933 1152 quum
970 1100 1138 1152 simplex
1169 1101 1289 1139 animi
1321 1105 1458 1140 natura
1490 1107 1598 1142 esset
1627 1113 1754 1154 neque
1784 1101 1946 1142 haberet

260 1181 299 1218 in
339 1190 383 1218 se
422 1178 630 1230 quidquam
669 1177 880 1217 admixtum
921 1176 1055 1228 dispar
1091 1177 1151 1215 sui
1189 1180 1305 1228 atque
1342 1176 1552 1226 dissimile,
1591 1189 1670 1217 non
1705 1189 1826 1230 posse
1857 1190 1944 1217 eum

262 1256 404 1303 divid13
450 1256 553 1307 quod
592 1257 626 1294 si
663 1266 741 1293 non
778 1256 924 1306 possit,
961 1265 1040 1293 non
1071 1265 1192 1305 posse
1222 1254 1401 1292 interire:
1460 1264 1681 1308 magnoque
1704 1266 1796 1295 esse
1820 1266 1945 1305 argu-

261 1337 411 1380 mento,
449 1331 628 1371 homines
671 1332 775 1371 scire
811 1330 996 1383 pleraque
1034 1334 1144 1379 ante,
1185 1341 1299 1381 quam
1329 1330 1409 1368 nati
1441 1330 1538 1379 sint,
1578 1330 1680 1382 quod
1711 1332 1787 1370 iam
1817 1333 1943 1383 pueri,

261 1421 375 1460 quum
408 1412 513 1446 artes
544 1406 724 1446 difficiles
757 1407 923 1456 discant,
953 1408 1006 1446 ita
1038 1406 1218 1445 celeriter
1247 1418 1311 1446 res
1342 1406 1644 1446 innumerabiles
1675 1396 1875 1459 arripiant,
1903 1414 1945 1447 ut

259 1499 325 1526 eas
357 1497 437 1525 non
468 1490 547 1525 tum
577 1487 741 1537 primum
769 1486 951 1536 accipere
979 1483 1200 1532 videantur,
1232 1483 1303 1522 sed
1332 1484 1532 1523 reminisci
1562 1488 1602 1523 et
1633 1483 1877 1524 recordari.“

430 1561 491 1601 De
532 1561 772 1612 argumentis
811 1559 887 1600 hoc
922 1559 1013 1599 loco
1044 1560 1236 1612 expositis
1267 1558 1370 1598 idem
1401 1557 1545 1600 Cicero·
1574 1559 1744 1613 disputat
1772 1562 1812 1600 in
1840 1561 1964 1602 libro,
1995 1595 1999 1598 ⁴

257 1642 380 1691 primo
412 1639 719 1679 Tusculanarum
752 1639 1022 1689 quaestionum
1054 1649 1140 1688 cap.
1171 1636 1304 1676 XXIII.
1363 1636 1500 1689 Neque
1535 1642 1664 1677 tamen
1695 1651 1743 1693 ea
1774 1637 1944 1678 Cicero-

256 1718 318 1764 nis
351 1719 458 1763 sunt,
491 1715 599 1766 (ipse
629 1714 705 1754 hoc
736 1716 907 1764 ingenue
938 1712 1111 1763 fatetur,)
1145 1713 1216 1754 sed
1246 1715 1375 1766 potius
1406 1713 1594 1765 Platonis,
1625 1715 1727 1768 apud
1758 1728 1872 1767 quem
1902 1717 1942 1756 in

257 1792 436 1831 Phaedro
478 1797 517 1830 et
552 1790 762 1830 Phaedone
804 1790 983 1842 dispersa
1020 1791 1167 1842 passim
1203 1789 1394 1844 leguntur.
1469 1790 1581 1830 Haud
1620 1791 1786 1830 alienum
1825 1793 1944 1841 igitur

370 1998 401 2034 ⁸)
442 1998 504 2027 Non
540 1998 689 2031 dubitavi,
713 1998 841 2033 recipcre
869 1997 1022 2026 lectionem
1051 1996 1136 2034 Casp.
1166 1995 1282 2032 Orellii,
1309 1997 1395 2025 missa
1422 1996 1550 2034 vulgari:
1581 2001 1640 2025 tot
1662 2001 1781 2031 artes,
1809 2001 1941 2025 tantae

255 2058 266 2074 s
279 2049 457 2076 cientiae.
498 2045 568 2074 Nam
595 2045 713 2082 pluralis
736 2053 872 2073 numerus
895 2046 975 2073 vocis
996 2047 1164 2074 scientia
1183 2047 1212 2074 in
1234 2046 1337 2074 litteris
1358 2045 1454 2073 latinis
1475 2053 1532 2073 non
1553 2044 1639 2073 facile
1658 2051 1778 2082 nsquam
1799 2049 1939 2074 occurrat.

209 2092 213 2095 ”
255 2096 455 2132 Praeterquam
483 2098 599 2130 recepta
626 2094 714 2122 lectio
744 2095 917 2121 sententiam
947 2094 1076 2129 praebet,
1104 2104 1179 2132 quae
1206 2095 1323 2123 omnino
1350 2092 1465 2130 probari
1492 2101 1579 2130 posue
1608 2092 1756 2121 videatur:
1797 2091 1848 2124 <5⁰
1869 2090 1940 2124 ”1212

252 2141 432 2180 stenntntsfe,
460 2141 504 2173 bie
530 2141 610 2172 tinen
630 2140 658 2179 so
679 2141 783 2180 grofien
804 2140 933 2179 umfang
952 2141 1001 2172 bea
1021 2140 1146 2178 {Bitiam
1168 2141 1326 2179 erforbern,
1353 2141 1380 2169 id
1404 2145 1464 2175 est,
1490 2139 1519 2177 fo
1540 2139 1611 2172 »tete
1631 2139 1860 2178 wiffenfoeaften
1882 2146 1938 2171 non

253 2193 280 2230 so
301 2191 413 2230 grutem
432 2190 569 2228 umiang.
